3184 5034
692 255 911 315 ..43-

758 429 777 510 s
801 433 852 491 ss.

264 557 269 566 ”
309 553 383 619 Iam
417 570 491 618 cum
522 555 685 633 appareat
714 569 812 634 posse
846 550 1045 633 aliquotiens
1076 570 1181 633 aequo
1219 551 1289 619 fere
1322 553 1394 620 iure

220 662 392 739 utrumque
415 657 544 724 modum
574 657 650 740 poni
673 655 785 742 (prout
815 656 923 739 isqui
952 657 1033 723 dicit
1062 658 1264 725 sententiam
1293 679 1390 740 quam

219 763 414 846 pronuntiat
445 762 551 846 accipi
580 763 681 844 vult),
712 763 925 831 inveniuntur
954 764 1019 830 loci
1046 763 1177 846 quidam
1206 765 1323 847 qulbus
1354 785 1391 832 re

218 889 300 939 vera
337 869 373 937 in
407 869 531 936 duobus
566 869 710 936 eiusdem
749 870 983 954 propositionis
1017 871 1171 937 membris
1207 871 1269 939 duo
1304 872 1391 938 modi

218 976 336 1060 scripti
359 974 427 1042 sint
452 1011 490 1024 -
516 993 713 1057 quamquam
738 977 890 1043 cautione
914 997 995 1060 opus
1019 981 1072 1045 est
1095 977 1129 1044 in
1152 978 1216 1046 tali
1230 979 1391 1044 libertate

219 1081 416 1161 statuenda,
441 1081 593 1162 quoniam
617 1102 682 1149 non
703 1102 780 1149 raro
804 1103 876 1150 cum
899 1084 1153 1167 deprehendisse
1181 1084 1246 1151 tibi
1268 1085 1391 1152 videris

218 1188 322 1255 talem
344 1187 603 1270 neglegentiam,
629 1188 766 1256 duarum
788 1190 1030 1257 sententiarum
1056 1191 1155 1274 plane
1179 1191 1311 1259 diversa
1339 1195 1392 1258 est

216 1294 305 1360 ratio
328 1291 381 1376 (O.
397 1294 531 1360 Miulleri
554 1293 639 1360 enim
663 1294 846 1377 opinionem
869 1296 909 1363 de
933 1297 1036 1364 modis
1053 1297 1096 1363 ad
1112 1297 1286 1363 arbitrium
1301 1297 1390 1363 inter

217 1419 253 1468 se
276 1399 444 1467 mutandis
467 1400 571 1467 toties
596 1401 800 1485 castigatam
824 1407 859 1470 et
888 1403 1102 1488 redargutam
1130 1423 1308 1486 recoquere
1334 1403 1392 1472 vix

217 1507 388 1590 quisquam
411 1507 527 1592 volet),
551 1507 617 1574 nisi
640 1506 727 1575 forte
751 1509 813 1576 duo
836 1510 896 1577 illa
919 1511 1065 1578 membra
1087 1511 1127 1578 de
1143 1510 1260 1594 quibus
1276 1509 1390 1596 agitur

217 1614 349 1680 omnino
372 1632 437 1680 non
461 1612 615 1700 coniungi
638 1614 728 1681 licet.

303 1736 392 1804 Nam
424 1741 463 1804 ut
498 1739 541 1804 ab
578 1737 734 1805 extremis
769 1739 939 1825 incipiam,
975 1741 1079 1808 verba
1116 1758 1200 1822 quae
1235 1741 1392 1825 leguntur

216 1846 268 1916 VI
286 1853 325 1908 95
352 1843 538 1911 rectissime
552 1844 587 1911 in
604 1845 761 1930 Spengeli
782 1846 927 1914 editione
938 1846 963 1931 ¹)
984 1848 1032 1914 sic
1052 1848 1237 1914 constituta
1255 1847 1389 1930 (rectius

214 1951 335 2018 dicam:
365 1951 542 2036 distincta)
570 1956 661 2018 sunt:
696 1954 739 2021 Id
764 1956 927 2040 inceptam
954 1957 1044 2022 credo
1072 1979 1145 2024 eam
1171 1978 1241 2025 eoa
1268 1959 1389 2024 adesset

215 2080 384 2142 accerses·
418 2066 447 2126 et
481 2059 567 2127 stibii
600 2060 758 2127 intererat
787 2061 841 2128 cui
870 2062 1049 2146 imperaret.
1103 2061 1264 2129 Similiter
1300 2061 1389 2126 haud

213 2164 282 2230 scio
306 2183 348 2230 an
371 2181 413 2229 ne
435 2163 495 2230 HI
512 2167 584 2245 9,11
611 2164 740 2247 quidem
764 2166 847 2249 (Ova
858 2169 958 2251 pierre
972 2170 1041 2237 siret
1055 2176 1149 2254 otqde
1164 2172 1261 2238 atilio
1276 2191 1385 2253 meree,

213 2273 547 2340 animadvertissent
568 2291 675 2357 posse,
703 2275 734 2340 si
760 2275 925 2342 demiseris
952 2277 992 2343 ire
1018 2295 1149 2360 equom,
1174 2277 1257 2361 qdod
1283 2279 1386 2345 irione

213 2386 315 2462 natet,
338 2380 474 2464 pieriam
501 2377 630 2462 desidit)
660 2378 802 2444 alterum
829 2379 964 2446 verbum
992 2399 1022 2460 q.
1048 2399 1076 2446 e.
1100 2381 1217 2450 desidit
1243 2400 1285 2446 ex
1312 2400 1386 2447 con-

212 2482 380 2549 iunctione
403 2487 488 2569 quod
502 2483 657 2566 pendeat,
682 2484 741 2551 sed
755 2485 859 2552 verba
871 2488 1007 2571 pieriam
1022 2489 1137 2555 desidit
1152 2487 1385 2569 propositionis

211 2589 438 2656 intercalatae
460 2590 570 2657 instar
593 2591 634 2654 ab
657 2589 729 2673 ipso
753 2590 809 2672 qui
832 2590 914 2657 dicit
937 2591 1113 2669 addantur,
1138 2611 1202 2658 non
1217 2592 1386 2674 proferan-

211 2701 281 2780 tur,
312 2702 351 2763 ut
383 2701 509 2776 cetera,
542 2716 583 2764 ex
613 2697 706 2781 vulgi
736 2697 916 2766 sententia.
969 2697 1083 2766 Aliter
1113 2697 1203 2766 Keil.
1235 2699 1269 2766 in
1301 2718 1384 2766 com-

211 2802 386 2870 menterio.

211 3049 281 3102 mus,
301 3048 353 3103 ego
372 3032 493 3088 libenter
510 3032 602 3088 fateor
620 3049 663 3087 me
683 3032 830 3103 desperare
848 3050 912 3089 num
932 3034 1040 3089 omnino
1065 3035 1099 3089 ad
1124 3041 1229 3092 certum
1248 3036 1383 3105 quendam

210 3121 291 3178 linem
312 3121 436 3189 quaestio
455 3121 570 3190 produci
593 3121 693 3191 possit,
717 3138 805 3190 neque
828 3123 888 3191 ipso
906 3122 1002 3192 ignoro
1021 3123 1050 3178 in
1069 3123 1122 3192 eis,
1147 3140 1216 3193 quae
1236 3141 1319 3195 supra
1338 3141 1385 3180 ex·

210 3210 303 3281 posita
322 3215 395 3276 sunt,
414 3210 489 3264 hand
507 3226 594 3279 panca
613 3210 705 3266 inesse
725 3212 758 3266 de
778 3210 876 3279 quibus
895 3211 1061 3267 sententiam
1080 3229 1169 3269 meam
1182 3213 1307 3268 omuibus
1320 3230 1381 3282 pro·

210 3301 307 3355 batum
325 3297 362 3352 iri
379 3296 491 3352 minime
511 3297 653 3353 confidam.
684 3299 755 3353 Nam
768 3314 829 3354 cum
848 3306 974 3355 scateant
992 3301 1021 3355 hi
1039 3301 1103 3356 libri
1121 3301 1189 3356 locis
1209 3308 1304 3370 aperte
1324 3319 1381 3358 cor·

210 3388 301 3457 ruptis
320 3386 367 3456 (de
385 3402 408 3442 r.
428 3403 450 3442 r.
469 3386 548 3441 libris
567 3386 617 3442 cfr.
636 3387 709 3443 Keil.
730 3404 825 3444 comm.
844 3387 880 3442 ad
899 3389 910 3441 l
931 3391 1005 3458 ala,
1024 3388 1058 3443 de
1076 3388 1155 3444 libris
1174 3389 1209 3445 de
1227 3389 1244 3445 l.
1264 3391 1282 3444 l.
1302 3391 1331 3446 0.
1351 3389 1382 3444 ll.

210 3479 255 3534 W.
274 3476 376 3532 Miiller
393 3475 424 3530 in
443 3473 576 3530 Zeitschr.
595 3476 615 3530 f.
636 3476 796 3541 bynu-W.
815 3475 882 3530 XIX
902 3479 969 3532 1865
988 3495 1014 3547 p.
1034 3479 1110 3548 869),
1134 3477 1205 3533 alius
1224 3478 1294 3533 alios
1313 3477 1381 3533 fines

212 3567 363 3622 constituet
394 3563 492 3633 quibus
514 3579 594 3618 usum
612 3561 814 3619 Varronianum
838 3565 1052 3622 circumscribat.
1090 3567 1167 3622 Nunc
1193 3573 1268 3623 certe
1294 3569 1327 3622 de
1345 3567 1380 3622 iis

211 3653 280 3709 locis
304 3652 484 3708 confidentius
509 3651 627 3708 iudicari
649 3658 755 3722 potest,
781 3653 878 3722 quibus
897 3653 926 3710 O.
947 3655 977 3711 F.
997 3655 1041 3710 W.
1061 3655 1163 3710 Miiller
1187 3655 1220 3710 de
1246 3655 1384 3724 scriptura

212 3741 336 3798 codicum
349 3741 379 3795 iu
397 3740 563 3797 editionibus
582 3741 652 3796 satis
670 3749 800 3797 accurate
820 3759 951 3812 expressa
970 3743 1155 3799 dubitaverat.
1193 3744 1254 3814 Ego
1273 3744 1379 3814 ipsein

210 3829 370 3886 universum
389 3829 456 3884 mihi
468 3830 565 3885 videor
581 3845 636 3884 non
645 3837 703 3885 tam
716 3831 751 3885 ad
763 3830 844 3886 huius
858 3832 1023 3887 sententiam
1037 3831 1180 3900 inclinare,
1199 3833 1383 3889 elocutionem

212 3918 348 3975 Varronis
361 3933 441 3986 quam
454 3917 648 3987 politissimam
667 3918 777 3975 efficere
796 3921 942 3990 studentis,
961 3937 1043 3990 quam
1062 3921 1097 3976 ad
1117 3921 1264 3976 Schmalnii
1283 3923 1330 3990 qui
1342 3923 1382 3976 in·

211 4005 372 4073 dieativum,
390 4005 438 4061 ubi
456 4006 593 4073 tradatur,
611 4007 786 4064 retinendum
805 4025 867 4065 esse
885 4018 987 4066 censet.
1020 4009 1189 4078 Quamquam
1203 4009 1266 4065 aliis
1280 4011 1386 4066 discer-

211 4096 329 4152 nendum
347 4094 505 4162 relinquere
525 4095 626 4164 debeo,
644 4111 710 4150 num
728 4085 790 4165 ipse
807 4114 913 4167 quoque
932 4098 1048 4155 affectus
1068 4099 1118 4154 sim
1137 4099 1231 4154 morbo
1250 4098 1308 4167 illo,
1329 4115 1381 4168 quo

209 4185 257 4254 qui
281 4184 405 4248 laborat,
430 4183 561 4252 scriptori
579 4201 596 4240 a
615 4201 644 4241 se
669 4185 842 4255 potissimum
866 4194 989 4244 tractato
1016 4206 1095 4258 quam
1119 4189 1253 4259 plurimas
1277 4189 1381 4244 formas

206 4273 335 4330 notiones
354 4277 510 4329 structuras
530 4273 685 4344 singulares
703 4275 844 4332 vindicare
863 4275 947 4345 cupit.

301 4399 322 4468 ²)
341 4397 442 4468 Speng.
463 4397 675 4468 explicationem
694 4400 777 4456 debet
794 4400 824 4455 O.
842 4401 874 4458 F.
888 4403 932 4455 W.
945 4401 1062 4458 lliillero
1082 4403 1158 4471 quil.
1172 4402 1189 4460 1.
1202 4419 1229 4472 p.
1242 4403 1295 4458 869
1307 4401 1380 4457 med.

208 4486 262 4542 sit:
283 4491 330 4556 ,et
347 4487 523 4542 intererat
538 4487 594 4542 und
613 4488 796 4560 sistebant
813 4489 874 4545 sind
892 4491 1092 4560 Hauptsttze.“
