3184 5034
696 261 914 321 ...41-

214 435 278 501 huc
304 433 490 517 pertinent:
519 435 612 504 vm
643 439 683 497 41
713 434 827 504 Diouo
855 441 884 502 et
916 434 1047 503 lucum
1076 457 1155 520 quoe
1181 436 1296 502 dleuut
1326 455 1391 500 esse

210 564 316 630 poene
337 544 403 622 tuot
422 543 578 629 uerutus,
601 543 821 610 iuoeur'uutur
836 564 901 610 esee
915 542 1104 624 dissimilare·
1126 538 1272 606 fortasse
1288 538 1391 605 etiam

218 647 251 718 V
275 653 327 731 43,
352 647 408 714 ubi
430 646 466 713 in
487 647 557 713 cod.
574 647 657 712 haec
672 646 840 730 leguntur:
858 669 895 716 eu
914 667 978 728 quo
997 654 1065 716 tum
1080 648 1201 715 dicitur
1214 648 1391 730 velabrum·

215 772 299 836 quae
330 752 401 822 siue
429 772 501 820 curn
524 753 663 820 Millero
692 752 740 820 sic
768 753 1013 819 restituerimus
1041 777 1078 823 oo
1105 776 1170 838 quc
1196 761 1265 820 tuuc
1283 754 1390 821 <uehe-

217 865 320 946 batur,
349 863 446 930 utum
467 876 579 930 auur>
599 863 720 929 dicitur
741 862 916 940 velabrum,
944 859 1016 926 sive
1038 858 1295 941 suppleverimus
1319 875 1391 924 cum

218 967 394 1052 Spengelio
410 991 448 1037 eo
462 987 526 1048 ouo
546 983 639 1036 <oer>
654 975 732 1052 tum,
756 969 817 1036 dio.
841 970 898 1036 oei.
923 967 1012 1049 (nam
1036 984 1109 1032 cum
1129 970 1267 1045 uterque
1290 966 1393 1033 verba

219 1074 262 1141 ad
295 1073 498 1141 sententiam
520 1076 613 1139 recte
637 1072 903 1155 conformaverit,
927 1091 1043 1155 parum
1067 1071 1164 1138 credo
1186 1070 1291 1137 refert
1313 1075 1392 1137 ntra

217 1181 317 1248 lectio
344 1179 558 1263 recipiatur),
588 1197 654 1250 vox
674 1203 717 1250 eu
739 1199 799 1262 per
821 1178 1059 1246 attractionem
1081 1178 1146 1244 erit
1162 1176 1390 1262 intelligenda.

221 1289 310 1353 Item
332 1287 372 1354 Π
396 1293 448 1369 2,9
478 1295 592 1357 ooutro
613 1289 688 1356 r'lloe
710 1290 750 1357 lu
772 1289 905 1356 saltibus
927 1310 1009 1373 quur
1025 1293 1211 1371 poecuutur
1226 1292 1255 1353 et
1269 1307 1290 1353 u
1304 1288 1393 1353 tectis

221 1397 339 1492 utsuut
361 1396 461 1482 loupe,
481 1401 617 1479 portarat
639 1418 745 1462 secum
767 1401 886 1479 oraim·
909 1393 967 1459 cfr.
991 1391 1083 1458 Keil.
1108 1410 1221 1457 comm.
1246 1390 1290 1456 ad
1313 1391 1345 1456 11.
1368 1391 1408 1455 l.x

217 1504 252 1567 et
282 1500 325 1567 ad
353 1501 373 1566 Ι
405 1505 490 1584 44,4.
532 1499 598 1582 (An
631 1499 756 1567 rectius
791 1500 853 1566 hoc
886 1501 958 1566 loco
998 1497 1132 1582 propria
1175 1496 1391 1564 anacoluthie

215 1603 400 1674 statuitur?
429 1605 480 1673 ita
509 1605 639 1673 scilicet
666 1610 705 1672 ut
727 1606 836 1677 Varro
864 1610 941 1689 post
969 1606 1177 1673 enuntiatum
1214 1603 1393 1672 relativum

218 1713 262 1780 ad
285 1717 489 1779 structuram
511 1712 610 1795 plane
634 1711 735 1779 alium
758 1712 957 1796 transierit.)

307 1819 463 1887 Addendi
487 1824 564 1887 sunt
587 1818 652 1885 loci
675 1818 806 1900 quidam
831 1818 886 1900 qui
910 1818 1063 1902 coniungi
1085 1820 1225 1900 possunt
1241 1835 1314 1882 cum
1330 1817 1389 1894 eis,

220 1945 300 2008 quos
316 1926 457 1993 Ktihner
480 1926 599 1993 attulit
623 1945 664 1992 ex
680 1924 819 1992 Catonis
840 1925 934 1992 libro.
970 1925 1054 1991 Dico
1069 1922 1267 2007 praesertim
1284 1923 1324 1989 de
1340 1923 1392 1990 his

216 2033 299 2099 locis
330 2033 390 2099 III
421 2033 517 2108 16,34
545 2037 615 2121 fuci
642 2037 699 2116 qul
726 2037 925 2119 euiruuutur,
955 2036 984 2102 et
1011 2054 1076 2114 quo
1092 2055 1174 2118 pure
1195 2033 1282 2100 utut
1303 2033 1393 2099 dubet

219 2148 278 2208 out
299 2142 390 2208 dubet
412 2141 616 2225 r'ucuuuturu,
641 2142 765 2208 cultello
785 2143 990 2223 procuratur
1013 2142 1048 2205 et
1070 2140 1181 2216 131,2
1199 2139 1394 2223 purupr'uure

217 2255 262 2316 est
285 2270 301 2315 e
323 2255 484 2317 serraculo
507 2248 587 2316 coles
610 2250 667 2330 puc'
688 2249 762 2316 uutc'
784 2254 871 2331 suut,
896 2247 933 2313 de
949 2248 995 2314 er's
1010 2249 1067 2331 qur'
1076 2248 1259 2326 plurimum
1275 2246 1391 2328 voleret,

212 2357 361 2439 primum
394 2376 433 2422 uc
465 2355 706 2422 secuudum...
730 2355 928 2439 relinquare,
963 2353 1104 2432 reliquos
1137 2354 1299 2437 decerpere
1328 2353 1392 2414 etc.

215 2460 289 2526 Iam
325 2478 397 2526 curn
422 2461 605 2531 Varronem
636 2457 829 2541 saepissime
862 2457 1108 2524 coniunctiones
1140 2461 1175 2524 et
1202 2454 1393 2539 pronomina

220 2565 366 2635 relativa
394 2567 437 2633 ab
464 2565 561 2632 initio
590 2564 824 2649 propositionis
846 2583 1015 2632 removere
1037 2563 1125 2630 infra
1149 2565 1181 2646 (ξ
1206 2563 1260 2644 61)
1284 2566 1394 2628 osten-

222 2672 364 2740 dendum
388 2672 444 2748 sit,
473 2671 576 2738 etiam
598 2672 650 2738 his
673 2671 755 2739 locis
776 2670 941 2739 vocabula
962 2671 1042 2757 fovi,
1071 2672 1159 2755 coles,
1184 2687 1256 2735 cnm
1278 2686 1394 2752 prono·

222 2779 310 2846 mine
324 2779 469 2848 relativo
485 2778 640 2862 coniungi
654 2797 752 2860 posse
768 2777 858 2845 dices
873 2782 929 2856 (=
945 2779 1003 2864 qui
1017 2779 1088 2863 suoi
1103 2779 1293 2845 extruuntur
1308 2777 1394 2856 eto).

222 2884 378 2968 Apparet
401 2885 530 2952 omnino
552 2903 618 2951 non
641 2884 743 2951 aliter
764 2883 905 2950 iudicari
927 2900 1024 2967 posse
1047 2882 1088 2949 de
1112 2882 1160 2948 eis
1181 2881 1262 2948 locis
1278 2881 1395 2962 quibus

222 3010 287 3058 non
322 2991 426 3058 solum
461 2991 707 3060 substantivum
733 2990 828 3076 illud,
864 2989 909 3057 ed
938 2988 1024 3071 quod
1045 2992 1179 3071 spectat
1206 2988 1394 3066 relativum,

221 3098 280 3166 sed
311 3099 414 3166 etiam
443 3098 532 3165 aliae
559 3117 659 3167 uoces
682 3097 864 3182 pronomini
885 3096 1031 3165 relativo
1054 3094 1272 3170 antecedunt,
1300 3094 1395 3162 velut
1504 3149 1509 3160 .

220 3209 357 3287 praeter
379 3206 399 3273 I
423 3210 497 3286 31,2
522 3224 549 3273 e.
575 3224 605 3288 g.
628 3205 648 3272 I
671 3211 745 3288 27,2
769 3229 841 3274 vere
863 3206 1003 3274 sctdoues
1025 3226 1106 3289 quoe
1122 3205 1234 3289 fiunt·
1257 3201 1395 3272 17Π44

218 3321 337 3382 autres
377 3314 524 3399 seruilius
558 3315 665 3382 erues
698 3314 880 3382 oouoolutoo
914 3314 957 3380 od
990 3312 1137 3380 aedicere
1170 3311 1285 3390 capitis
1318 3331 1397 3394 quoe

218 3421 334 3487 habeut
364 3420 444 3488 uitta
480 3420 611 3504 relatos,
648 3421 836 3490 dicebantur
868 3419 990 3487 Potula.
1041 3414 1157 3481 Priore
1184 3419 1297 3480 autern
1324 3412 1396 3479 loco

222 3525 322 3607 plane
345 3523 514 3591 reicienda
538 3527 591 3590 est
607 3524 691 3592 haec
706 3524 893 3608 explicandi
909 3523 1007 3602 ratio,
1031 3521 1097 3588 nisi
1112 3520 1198 3587 forte
1215 3519 1396 3586 contendas

223 3629 324 3696 aliam
349 3649 422 3698 esse
446 3629 606 3714 originem
630 3637 820 3698 structurae
843 3630 936 3699 velut
959 3629 1071 3695 huius:

309 3738 489 3807 Nummum
511 3740 605 3807 illum
627 3762 720 3825 queue
741 3739 823 3806 milri
845 3741 967 3807 dudum
985 3737 1161 3824 pollicitu'e
1183 3737 1270 3816 dore,

314 3845 439 3932 Iubeas,
464 3849 494 3914 oi
515 3849 633 3932 sopioa
652 3847 825 3933 porculum
846 3845 972 3932 adferri
994 3844 1051 3912 told
1071 3841 1136 3926 (Pl.
1156 3841 1244 3908 Men.
1262 3843 1323 3901 311
1349 3839 1397 3921 s),

222 3949 323 4015 aliam
358 3949 427 4017 eius
466 3971 551 4034 quae
587 3952 719 4021 eveniet
754 3951 873 4020 omisso
901 3948 1089 4033 pronomine
1125 3943 1396 4027 demonstrativo,

221 4080 395 4126 uururuuur
417 4083 510 4146 queue
534 4063 597 4126 etc.

313 4162 380 4232 Sed
407 4183 515 4233 nonne
545 4163 726 4249 poterimus
750 4161 909 4230 facillime
931 4161 1024 4228 illam
1048 4163 1253 4228 structuram
1275 4156 1310 4224 in
1333 4175 1399 4237 qua

222 4288 400 4353 pronomen
431 4271 729 4339 demonstrativum
753 4268 903 4336 additum
926 4273 980 4336 est
1003 4268 1157 4336 derivare
1180 4285 1221 4332 ex
1244 4266 1307 4331 hao
1329 4267 1400 4351 ford

221 4380 278 4464 qui
293 4381 539 4448 mimuutur=
556 4381 613 4464 qul
630 4381 702 4466 suot
722 4374 934 4447 eximuntur?
971 4373 1105 4443 Sanein
1123 4373 1258 4456 linguae
1270 4369 1399 4438 latinae

221 4488 393 4550 structura
434 4483 518 4550 1111111
553 4488 606 4550 est
641 4482 726 4564 quod
761 4481 836 4550 huic
871 4479 1085 4565 explicationi
1120 4479 1249 4561 obstet3
1285 4477 1400 4544 obstat
