3184 5034
687 219 908 279 ...23-

201 391 364 462 Similiter
385 389 420 456 in
443 387 681 475 appositione1)
715 389 884 458 variatum
906 395 960 459 est
986 393 1006 459 Ι
1036 399 1086 469 17,
1118 398 1215 458 1...
1241 399 1281 466 ia
1296 399 1378 466 deas

196 509 321 584 portes,
354 501 392 566 in
422 499 566 565 baulme
589 505 618 564 et
641 499 842 570 adminicula
872 500 1055 583 homiaem,
1080 552 1087 568 .
1110 551 1116 566 .
1139 553 1145 568 .
1170 503 1232 571 olii
1253 506 1292 572 in
1314 512 1378 572 tres

196 614 323 689 parles,
359 607 570 673 instrumenti
601 627 705 691 pereas
739 607 844 673 vocam
874 613 903 674 et
937 610 1119 676 semivocale
1149 617 1179 676 et
1208 618 1378 696 neutram·

202 728 398 792 quamquem
422 709 525 775 etiam
547 710 608 776 hoo
630 710 702 777 looo
727 710 848 778 omissa
870 730 981 794 praep.
1011 716 1091 779 onte
1114 732 1143 782 v.
1167 718 1378 786 instrumenti

202 817 346 899 scriptor
377 814 507 884 evitare
535 816 681 884 voluisse
711 821 842 899 potest,
874 837 917 884 ne
946 818 998 885 bis
1031 820 1146 886 eadem
1178 821 1308 903 syllaba
1338 827 1378 892 ia

201 922 409 1008 pronuntiari
438 923 581 989 deberet.
627 923 772 993 Videtur
798 924 885 991 enim
913 924 948 991 in
978 925 1029 992 his
1051 926 1256 1008 potissimum
1278 930 1377 995 rebus

206 1032 379 1100 verborum
403 1029 475 1098 soni
497 1047 766 1111 numerorumque
790 1048 887 1112 quam
902 1031 1043 1098 maxime
1055 1033 1142 1098 ratio
1159 1033 1277 1100 habita
1292 1053 1375 1101 esse.

290 1135 417 1204 Contra
440 1136 460 1201 I
485 1138 561 1219 17,2
592 1140 688 1206 etiam
715 1160 806 1207 nane
832 1147 910 1208 saal
939 1142 979 1209 ia
1001 1141 1083 1209 Asia
1112 1149 1207 1226 atpae
1233 1143 1377 1228 Aepppto

202 1254 231 1313 et
245 1248 284 1313 in
302 1245 441 1330 lllprieo
456 1245 632 1329 compleres
648 1244 734 1324 quod
756 1244 791 1309 in
815 1245 956 1312 seeundo
980 1246 1124 1312 membro
1148 1246 1259 1313 omisit
1281 1266 1376 1329 prae-

201 1349 409 1433 positionem,
434 1349 564 1417 addidit
586 1349 622 1415 in
645 1349 757 1434 tertio,
781 1349 920 1433 primum
943 1353 1123 1419 membrum
1145 1353 1254 1422 Varro
1282 1357 1377 1420 arete

201 1455 371 1523 coniunxit
395 1474 466 1522 eum
489 1455 641 1532 seeundo,
673 1455 810 1523 tertium
834 1455 940 1524 minus
964 1461 1058 1524 arete
1087 1457 1239 1526 adiunxit
1268 1458 1376 1543 (prop-

203 1565 298 1628 terea
321 1561 423 1629 etiam
446 1561 579 1629 videtur
601 1561 744 1630 diversis
768 1561 1051 1630 coniunctionibus
1074 1582 1153 1630 usus
1175 1566 1275 1647 esse);
1299 1584 1376 1632 nam

201 1669 302 1736 terris
334 1667 458 1736 exteris
483 1667 658 1751 opponitur
685 1667 855 1750 provinoia
878 1670 1044 1752 Romana,
1075 1671 1119 1736 ad
1147 1690 1243 1752 quam
1272 1673 1375 1738 solam

201 1794 265 1845 vox
288 1796 318 1857 q.
344 1795 372 1842 e.
397 1779 573 1874 compleres
595 1775 769 1842 referenda
793 1774 886 1858 esta.
920 1777 1009 1844 Item
1032 1779 1072 1843 H
1098 1784 1190 1860 11,11
1216 1781 1376 1848 Frentana

202 1936 209 1951 .
228 1936 235 1951 .
254 1935 261 1951 .
279 1905 377 1968 capra
400 1907 416 1950 e
436 1885 516 1968 pilis
532 1880 594 1970 [sio
609 1881 692 1947 Keil
708 1882 755 1948 ed.
773 1882 849 1948 min.
865 1902 924 1965 pro
949 1907 1063 1970 caprae
1080 1882 1185 1972 pilas]
1208 1889 1376 1956 manmena

201 1993 243 2058 ad
264 2013 360 2058 asam
382 1992 553 2059 nauticam
575 1997 604 2058 et
626 1993 669 2058 ad
691 1992 800 2060 bellica
822 1999 981 2060 tormenta
1004 1999 1033 2058 et
1054 1993 1189 2077 febritio
1211 2014 1290 2060 oasa
1310 2010 1374 2058 em-

201 2095 277 2161 nino
293 2114 358 2161 nou
373 2095 442 2161 tria
458 2096 604 2161 membra
620 2095 879 2179 distinguuntur,
904 2096 963 2163 sed
979 2097 1053 2180 duo,
1078 2116 1211 2179 quorum
1232 2097 1374 2162 alterum

201 2201 356 2268 bilariam
387 2201 560 2269 dividitur:
593 2220 670 2267 nam
697 2206 854 2269 concreta
883 2204 1097 2272 substantiva
1127 2204 1190 2270 duo
1221 2203 1374 2284 quodam-

200 2308 295 2374 modo
319 2311 525 2390 opponuntur
547 2292 670 2374 riommi
694 2309 878 2375 abstracto.

742 2486 760 2569 p
787 2490 837 2551 19.

288 2609 398 2675 Unum
428 2627 545 2676 nomen
577 2609 704 2676 duabus
735 2607 832 2676 simul
868 2628 885 2675 e
917 2608 1217 2693 praepositionibus
1251 2609 1374 2691 pendet

200 2715 276 2780 135
302 2725 378 2785 onte
400 2724 520 2803 etpost
543 2719 704 2801 branam·
727 2715 776 2783 sio
799 2716 901 2782 etiam
925 2717 958 2785 V
975 2722 1015 2780 83
1039 2719 1091 2786 uls
1115 2719 1211 2785 eleis
1235 2718 1375 2785 Tiberim

200 2820 234 2888 in
257 2821 369 2905 prisea
391 2821 531 2887 formula
555 2840 573 2887 e
597 2821 788 2889 oonieetnra
811 2821 972 2889 restituta
997 2822 1086 2908 (vide
1109 2840 1184 2905 app.
1201 2821 1288 2905 orit.)
1312 2820 1370 2888 eir.

200 2928 295 2995 Neue
319 2929 358 2994 H
384 2927 461 2991 ⁹727
486 2932 572 2993 extr.

742 3036 759 3119 5
785 3041 835 3101 20.

292 3159 345 3226 De
357 3158 496 3244 singulis
509 3157 809 3243 praepositionibus
822 3156 974 3241 quoniam
986 3178 1050 3225 non
1063 3135 1167 3224 solum
1180 3157 1374 3226 O.Rbssner

204 3262 281 3350 (De
309 3284 421 3348 praep.
447 3268 494 3331 ab
518 3266 564 3332 de
587 3285 632 3332 ex
659 3283 720 3331 usu
742 3261 868 3347 Varr.')
897 3264 987 3330 looos
1015 3268 1149 3347 propter
1172 3264 1374 3350 singularem

292 3477 314 3547 ¹)
333 3477 365 3530 In
384 3491 438 3543 que
456 3475 617 3544 plerumque
636 3474 774 3530 omittitur
792 3474 999 3543 praeverbium,
1020 3474 1069 3530 alr.
1088 3473 1204 3529 denar
1221 3490 1246 3543 p.
1265 3475 1319 3528 423
1337 3490 1372 3528 m.

201 3564 284 3634 Apud
308 3565 461 3622 Varronem
487 3563 558 3633 quod
582 3563 687 3633 legitur
709 3563 748 3618 VI
774 3562 808 3617 68
831 3561 928 3616 milites
948 3603 953 3616 .
974 3603 980 3618 .
1001 3605 1007 3618 .
1027 3561 1167 3616 clamitant
1184 3600 1190 3614 .
1210 3601 1243 3617 ..
1268 3559 1302 3616 Io
1326 3562 1373 3616 tri-

201 3651 317 3723 umphe!
333 3653 364 3707 id
381 3671 398 3708 a
417 3653 550 3725 θριάμβῳ
568 3669 602 3707 aa
620 3651 672 3721 (sio
691 3651 750 3706 eod.
764 3650 849 3721 Flor.)
866 3666 968 3721 praeco
981 3649 1076 3704 liberi
1091 3653 1266 3720 eapaameato
1281 3654 1376 3721 potest

204 3741 303 3797 dietam
324 3742 467 3810 quaeritur
488 3746 583 3797 utrum
607 3739 711 3795 rectius
736 3738 766 3793 0.
786 3738 888 3794 Mdller
910 3753 1005 3793 voeem
1031 3754 1064 3793 aa
1082 3737 1165 3807 plane
1184 3738 1320 3795 deleverit
1338 3755 1374 3794 au

202 3830 322 3901 Spengel
345 3831 496 3888 mutaverit
518 3829 547 3885 in
574 3848 600 3885 a.
636 3830 748 3884 Falsum
771 3835 865 3884 autem
888 3842 949 3882 esse
974 3841 1069 3882 eorum
1094 3825 1249 3896 opinionem
1274 3828 1321 3896 qui
1344 3827 1373 3881 in

203 3919 375 3989 appositione
400 3919 508 3974 omnino
532 3934 587 3973 non
610 3921 676 3987 poni
697 3917 931 3996 praepositionem
957 3920 1102 3985 censeant,
1127 3915 1332 3972 demonstratur
1356 3933 1374 3971 a

202 4008 411 4077 Seyfferallnll.
424 4008 459 4063 ad
473 4007 530 4064 Gio.
543 4007 619 4062 Laal.
634 4024 660 4076 p.
673 4007 717 4064 58.
748 4007 776 4062 Is
794 4007 871 4061 loeus
890 4004 924 4060 de
943 4019 997 4073 ouo
1015 4005 1055 4061 ibi
1073 4005 1170 4075 agitur
1188 4004 1277 4074 (Lael
1290 4007 1315 4073 3,
1327 4005 1372 4075 11)

202 4098 284 4166 plone
304 4096 402 4153 similis
421 4101 466 4152 est
483 4095 653 4152 Varroniano
672 4095 701 4150 11
721 4097 746 4163 2,
766 4098 782 4149 7
802 4093 874 4150 aliis.

273 4185 296 4256 ⁹)
315 4184 448 4240 Similiter
460 4185 476 4238 I
488 4186 560 4254 5⁷,3
577 4183 683 4256 (Sapra
701 4189 805 4238 terram
824 4183 962 4254 prataria
981 4182 1010 4237 in
1029 4198 1098 4252 apro
1118 4181 1228 4254 quidam
1247 4179 1373 4234 sublimia

198 4275 321 4347 faciam,
346 4277 377 4328 at
399 4274 427 4328 in
453 4273 592 4344 Hispania
615 4273 741 4327 citeriore
764 4277 791 4326 et
812 4273 841 4327 in
860 4270 961 4342 Apulia
986 4270 1108 4342 quidam)
1131 4268 1285 4340 posteriore
1311 4267 1372 4322 loco

200 4379 296 4419 vooem
317 4362 428 4433 quidam
447 4361 483 4416 ad
500 4378 527 4418 v.
545 4361 574 4416 in
592 4361 694 4433 Apulia
712 4366 821 4416 tantum
844 4360 1017 4417 referendam
1041 4374 1102 4415 osse
1127 4362 1208 4413 etex
1233 4355 1373 4412 sententia

203 4458 319 4523 apparet
338 4457 368 4508 et
386 4467 420 4506 ex
438 4449 642 4522 praepositione
660 4451 703 4506 bis
720 4450 820 4521 posita.
