3184 5034
685 265 906 324 ..57-

209 454 321 534 spectet
280 447 473 515 tetrillo..
492 466 601 511 .rreoe
626 444 664 510 ιιι
687 441 824 509 convalli
847 462 924 507 cooo
947 446 976 506 et
998 461 1022 506 a
1028 438 1169 523 tpotc‘os
1191 438 1230 506 r'rr
1253 437 1383 537 sublimi

210 556 275 621 loco
298 552 456 637 aedifices,
482 553 516 615 et
539 547 592 618 VI
617 553 657 610 56
681 548 781 616 Horae
805 543 1005 632 Chrysippus
1032 552 1126 631 ceput
1148 545 1250 647 loqur
1265 528 1385 611 serit
1348 549 1385 610 at

211 663 314 746 loqoi;
348 657 404 740 qui
435 674 513 722 usus
546 673 587 721 ex
610 650 778 720 Ciceronis
811 651 945 733 scriptis
977 649 1062 717 satis
1095 654 1192 716 notus
1224 641 1287 724 est,
1262 631 1384 714 tcfr.

212 767 353 832 thner
388 766 577 846 p.1014,.54
625 758 769 842 Seyffert
754 756 848 824 tad
875 756 943 824 Oic.
968 757 1061 823 Lael.
1093 776 1123 839 p.
1151 761 1224 822 387
1272 753 1384 822 Madv

211 872 254 939 ad
278 870 347 939 (lie.
372 869 445 937 uin.
470 869 585 935 1125.
633 863 745 932 Hofm·
771 863 814 931 ad
837 861 907 930 Cic.
932 865 1016 946 Epp.
1040 864 1060 930 Ι
1082 883 1113 946 p.
1142 869 1214 928 112.

300 979 354 1043 Ex
377 976 477 1045 verbo
501 973 634 1058 passivo
660 972 702 1038 ad
726 971 869 1038 alteram
900 969 1088 1037 sententiae
1119 974 1250 1052 partem
1281 967 1386 1036 forma

215 1084 329 1154 activa
374 1080 606 1149 transferenda
645 1082 698 1146 est
733 1078 791 1144 III
824 1083 876 1160 3,5
903 1129 909 1141 .
936 1130 942 1142 .
974 1079 1121 1162 piscinae
1162 1079 1268 1145 dulces
1306 1076 1387 1162 saort

214 1199 337 1278 coeptae
361 1197 389 1258 ct
414 1214 430 1258 a
446 1191 647 1276 fluminibus
671 1194 776 1273 coptos
798 1187 936 1271 recipcre
959 1187 1002 1252 od
1024 1209 1056 1252 se
1075 1187 1190 1269 pisces.
1229 1183 1286 1248 An
1309 1181 1387 1250 scri·

212 1297 354 1363 bendum
376 1319 519 1382 recepere
543 1312 614 1361 cnm
636 1291 750 1358 Keilio
773 1295 913 1373 accepta
937 1288 1092 1357 editionis
1116 1288 1261 1356 Aldinae
1285 1288 1386 1372 scrip·

214 1402 313 1472 tura?

693 1509 905 1516 ———.——-

690 1664 818 1747 Oaput
844 1665 911 1731 ΙΠ.

518 1790 576 1859 De
599 1786 846 1858 collocatione
869 1786 1085 1856 verborum.

754 1930 850 2017 §bt

307 2060 360 2125 De
384 2056 558 2126 verborum
582 2053 799 2121 collocatione
823 2072 895 2119 cum
918 2053 1042 2119 nostris
1065 2052 1134 2119 fere
1156 2053 1283 2120 demum
1307 2054 1388 2118 tem·

217 2167 350 2250 poribus
379 2161 568 2231 accuratius
597 2160 711 2242 quaeri
740 2165 891 2242 coeptum
919 2158 974 2237 sit,
1004 2160 1118 2225 mirum
1149 2164 1308 2241 quantum
1336 2159 1390 2227 vel

218 2274 258 2339 de
281 2272 324 2338 iis
347 2271 445 2339 rebus
461 2268 579 2350 quibus
602 2267 697 2349 qnasi
720 2265 943 2333 fundamentis
967 2270 1042 2333 tota
1059 2266 1243 2349 disputatio
1259 2265 1390 2349 nititur,

221 2378 372 2447 diversae
388 2374 578 2444 sententiae
601 2379 702 2455 atque
724 2374 806 2440 adeo
829 2373 928 2456 plane
951 2372 1040 2440 inter
1056 2393 1092 2440 se
1114 2379 1302 2458 pugnantes
1319 2392 1391 2456 pro·

220 2486 312 2550 latae
336 2482 414 2551 sint.
466 2482 540 2567 Qua
570 2485 672 2547 rent
700 2479 833 2548 videtur
861 2479 1013 2546 commoti
1042 2480 1175 2548 fuerunt
1203 2479 1258 2562 qui
1289 2517 1327 2529 -
1354 2482 1392 2544 ut

223 2609 335 2658 omnes
361 2589 513 2656 nimirum
541 2585 767 2654 dubitationes
797 2586 946 2654 funditus
978 2587 1134 2653 tollerent
1162 2628 1204 2636 -
1232 2584 1392 2670 imprimis

230 2695 477 2765 vetustissimos
490 2713 634 2775 quosque
650 2697 802 2759 auctores
820 2692 973 2775 deinceps
988 2694 1232 2776 perlustrantes
1244 2692 1393 2778 singulas

225 2823 279 2871 res
304 2802 347 2868 ad
370 2804 544 2870 verborum
572 2800 718 2867 ordinem
752 2799 958 2881 pertinentes
981 2819 1185 2868 numerorum
1208 2801 1393 2868 rationibus

225 2909 455 2993 exprimerent.
503 2908 592 2973 Prae
615 2905 735 2973 ceteris
760 2909 871 2972 autem
894 2907 1129 2991 grammaticos
1154 2907 1271 2974 allexit
1295 2907 1393 2974 attri-

223 3015 294 3085 ιιι
284 3035 297 3082 1
268 3013 466 3082 ttcolloca
441 3019 489 3081 tro
504 3013 539 3080 in
562 3031 627 3095 qua
647 3011 858 3094 disquirenda
882 3030 1039 3079 summam
1059 3033 1191 3098 operam
1212 3015 1393 3097 complures

225 3123 444 3191 contulertun
499 3121 572 3188 Nec
602 3123 715 3186 tamen
745 3119 873 3186 fructus
903 3126 942 3186 ut
972 3119 1052 3185 mibi
1083 3124 1174 3187 certe
1156 3120 1310 3189 evisum
1341 3126 1394 3188 est

224 3230 371 3297 laborem
395 3227 563 3309 aequavit,
593 3225 652 3292 sed
680 3226 754 3292 dum
782 3225 991 3293 dissecantm·
1021 3228 1085 3294 teli
1112 3227 1220 3312 modo,
1250 3246 1312 3310 quo
1335 3228 1395 3294 isti

224 3335 276 3403 usi
298 3339 386 3413 sunt,
413 3331 572 3400 orationis
595 3330 791 3414 particulae,
816 3332 904 3401 vires
932 3353 972 3400 ac
998 3334 1072 3402 vita
1103 3354 1144 3401 ex
1165 3334 1301 3419 linguae
1324 3353 1395 3400 cor·

226 3461 305 3524 pore
328 3441 427 3523 plane
450 3443 671 3505 excesserunt.
716 3439 805 3505 Nam
828 3444 865 3505 ut
890 3439 1017 3507 omnino
1045 3440 1240 3523 scriptorum
1263 3441 1395 3523 propria

227 3547 358 3614 dicendi
381 3544 582 3612 consuetudo
606 3563 704 3626 qnam
727 3546 867 3612 maxime
890 3546 961 3613 fieri
976 3547 1100 3630 poterit
1123 3547 1175 3613 ita
1198 3546 1395 3629 explicanda

229 3659 282 3720 est
305 3658 344 3721 ιιι
367 3651 534 3734 exipsius
560 3650 701 3718 hominis
729 3651 839 3720 indole
863 3656 898 3718 et
920 3654 1062 3720 moribus
1086 3670 1188 3720 causa
1210 3656 1394 3737 repetatur,

227 3759 275 3827 sic
298 3764 379 3825 tunc
402 3757 618 3842 potissimum,
647 3776 719 3824 cum
747 3758 908 3842 singulari
934 3759 1064 3825 ratione
1088 3761 1191 3828 verba
1214 3765 1275 3828 aut
1298 3760 1396 3827 collo-

225 3864 317 3934 cavit
341 3868 401 3931 aut
424 3864 639 3933 collocavisse
662 3863 803 3948 ridetur,
821 3884 1012 3946 unoquoque
1034 3866 1105 3932 loco
1129 3865 1244 3948 quaeri
1261 3866 1394 3934 debebit

229 3990 291 4053 qno
316 3970 452 4038 consilio
475 3972 561 4039 bunc
585 3969 729 4037 ordinem
752 3971 803 4038 illi
825 3971 1031 4054 praetulerit.

312 4076 519 4144 Praesertim
542 4115 584 4125 —
609 4080 646 4144 ut
670 4077 713 4144 ad
729 4078 911 4149 Varronem
928 4085 1098 4146 transeam
1120 4117 1164 4127 —
1187 4079 1221 4145 in
1241 4079 1396 4147 librorum

226 4183 267 4250 de
290 4183 312 4248 l.
336 4184 358 4250 l.
384 4183 432 4250 eis
454 4183 606 4267 partibus
634 4183 669 4252 in
693 4184 809 4266 quibus
833 4185 874 4253 de
889 4186 1121 4256 vocabulorum
1145 4185 1324 4270 originibus
1341 4204 1395 4252 ex·

226 4289 361 4373 ponitur
383 4308 448 4356 non
464 4289 568 4356 solum
584 4295 775 4358 structurae
792 4297 826 4358 et
849 4292 974 4359 formae
991 4295 1163 4361 verborum
1186 4292 1399 4363 inveniuntur

228 4416 249 4462 a
279 4395 511 4467 Varronianae
542 4397 667 4464 aetatis
692 4398 762 4466 sire
793 4398 921 4466 omnino
953 4418 973 4464 a
1004 4398 1138 4483 linguae
1165 4398 1310 4465 Latinae
1337 4417 1399 4466 usu

228 4500 390 4585 diversae,
422 4522 527 4585 paene
558 4503 650 4570 dicas
680 4503 867 4588 inauditae,
912 4504 970 4570 sed
1001 4504 1104 4570 etiam
1133 4504 1168 4570 in
1198 4505 1399 4572 collocandis

1205 4626 1238 4680 5*
