3184 5034
692 238 914 297 ...M-.-

759 411 779 492 s
803 416 856 474 45.

308 551 391 621 Ourn
407 552 525 621 omisso
542 551 693 620 subieoto
710 571 750 619 ea
765 570 819 619 res
836 553 930 619 erote
946 551 1102 620 cohaeret
1123 550 1208 635 quod
1228 551 1392 620 nonnullis

219 658 301 726 loeis
325 659 387 727 duo
412 659 589 727 enuntiata
617 657 668 726 ita
695 658 785 726 inter
807 677 845 728 se
873 658 1113 744 coniunguntur
1136 661 1174 726 ut
1198 657 1392 728 brevissimo

218 769 350 833 tanturn
379 766 489 849 spatio
517 765 716 849 interposito
742 764 785 833 ad
809 765 948 834 alterius
972 767 1140 834 enuntiati
1162 767 1299 836 verbum
1320 765 1392 833 tini·

219 876 290 941 tum
313 871 403 940 aliud
426 873 610 941 subiectum
626 872 884 941 subaudiendum
900 873 946 941 sit
962 879 1063 956 atquo
1080 873 1123 941 ed
1137 872 1271 957 prioris3
1296 891 1394 957 quem

218 998 312 1046 usum
341 999 407 1047 non
436 999 511 1048 raro
542 979 685 1049 inveniri
720 979 807 1064 apud
837 977 927 1047 Belli
957 978 1193 1063 Hispaniensis
1224 983 1392 1047 auctorem

218 1090 329 1152 monet
352 1083 550 1171 Degenhart
572 1085 627 1154 ‘de
649 1091 737 1154 anot.
762 1085 842 1153 belli
864 1086 962 1169 Hisp.
986 1084 1074 1154 eleo.¹
1099 1103 1131 1170 p.
1158 1091 1208 1153 13.

307 1192 408 1276 Apud
423 1193 607 1266 Varronem
624 1192 742 1277 prioris
760 1192 927 1260 enuntiati
943 1192 1106 1260 obiectum
1122 1210 1181 1276 pro
1195 1191 1390 1276 posterioris

220 1300 409 1367 sententiae
433 1301 581 1368 subieete
605 1299 714 1385 accipi
730 1303 862 1384 oportet
884 1300 904 1367 Ι
922 1305 972 1383 1,6
988 1325 1091 1387 nepae
1105 1304 1211 1390 rotipo
1225 1304 1392 1389 framenta

218 1413 312 1494 atpae
334 1410 462 1478 arbores
484 1412 669 1496 corrumpit,
692 1432 795 1495 nepae
817 1430 887 1477 mom
909 1409 1086 1494 tempestive
1099 1409 1241 1494 floreret·
1264 1407 1322 1474 HI
1339 1411 1389 1490 7,7

219 1517 302 1602 paeri
324 1517 419 1584 matti
441 1518 480 1585 im
502 1519 624 1585 theatro
652 1539 668 1585 e
695 1517 775 1584 siam
801 1517 917 1584 missas
943 1517 1073 1602 satiaret
1103 1514 1184 1596 (soil.
1212 1513 1392 1596 columbas)

219 1629 313 1708 atpae
335 1624 378 1690 aa
394 1623 497 1691 iomm
511 1626 647 1692 redeant
662 1619 746 1708 (soil.
763 1622 946 1702 columbae)
961 1645 1043 1707 paee
1066 1623 1134 1690 misi
1148 1629 1392 1707 reverteremur,

218 1751 288 1796 mem
316 1730 547 1815 emitterentur,
580 1728 646 1797 etsi
673 1730 757 1797 haee
784 1730 888 1797 verba
915 1727 1021 1795 minus
1052 1726 1135 1794 dura
1158 1730 1236 1795 sunt
1258 1733 1394 1812 propter

220 1834 431 1902 enuntiatum
453 1833 631 1905 relativum
654 1835 741 1918 quod
764 1833 981 1918 appositionis
1004 1833 1114 1902 instar
1136 1834 1179 1901 ed
1211 1834 1394 1903 subiectum

220 1939 357 2009 additae
382 1961 454 2009 eum
479 1943 586 2010 altero
609 1944 754 2010 membre
778 1941 987 2009 oeniunotnm
1011 1945 1073 2008 est.
1111 1942 1295 2009 Praeterea
1311 1943 1394 2008 haee

227 2048 444 2132 exscripsisse
467 2049 614 2118 sufficiat
636 2049 696 2116 HI
721 2055 771 2125 7,5
796 2052 826 2118 si
848 2071 929 2136 qaae
952 2050 1093 2118 totamm
1115 2051 1193 2135 eati
1216 2051 1393 2137 offenderit,

222 2160 259 2225 at
281 2156 455 2244 medeatur,
480 2160 510 2226 si
533 2181 613 2246 qaae
630 2159 776 2245 perierit,
801 2165 838 2225 at
861 2155 1025 2244 efferatur,
1053 2159 1082 2224 si
1105 2158 1161 2242 pai
1177 2158 1266 2242 palti
1288 2155 1396 2226 monet

220 2272 299 2333 sami
322 2267 365 2332 ari
387 2267 597 2351 vendemiam,
616 2271 787 2352 premat·
808 2262 867 2330 111
884 2269 980 2342 16,3e
997 2280 1044 2341 sq.
1061 2285 1082 2332 a
1100 2265 1244 2332 mellaria
1267 2285 1339 2331 mm
1361 2264 1396 2330 iot

221 2372 334 2458 fecisse
357 2379 436 2441 mmt
458 2375 701 2442 animadversae
723 2368 807 2453 (soil.
824 2369 929 2454 apes),
956 2370 1110 2438 tartareae
1132 2372 1171 2438 im
1193 2393 1247 2438 eae
1263 2372 1396 2457 paieere

227 2485 256 2546 et
279 2480 572 2548 eirmmtimaiemie
595 2501 668 2548 aere
688 2479 886 2564 perterritae,
911 2500 972 2562 eae
994 2477 1106 2545 eeiamt
1120 2475 1303 2561 perdocere,
1326 2499 1396 2545 mom

220 2583 311 2672 tempe
344 2583 421 2654 irate
452 2585 601 2656 obtimam
632 2587 799 2653 erithace.
825 2636 833 2652 .
859 2605 886 2667 .,·
912 2583 967 2650 oet
990 2585 1210 2666 eemsederamt,
1240 2584 1396 2669 adferam

220 2691 330 2761 aleam
353 2695 427 2774 eto,
452 2710 529 2757 nam
551 2690 673 2758 multos
703 2689 794 2758 leoos
823 2687 968 2756 eiusdem
996 2687 1129 2774 generis
1152 2687 1289 2774 collegit
1312 2686 1396 2754 Keil

218 2795 254 2864 in
276 2816 389 2865 eornm.
414 2797 458 2864 ad
480 2799 520 2866 H
546 2803 606 2878 1,4.

757 3029 776 3111 p
801 3033 853 3092 eo.

305 3170 512 3254 Saepissime
543 3171 579 3236 in
616 3169 804 3238 accusativi
833 3187 906 3237 oum
942 3168 1000 3236 int.
1031 3172 1200 3238 structura
1228 3169 1395 3238 emittitur

221 3277 433 3346 aecusativus
457 3277 513 3358 qni
536 3276 677 3344 subiecti
699 3295 833 3343 munere
847 3275 942 3360 fungi
956 3277 1123 3358 putandus
1139 3281 1201 3345 est.
1236 3278 1290 3344 De
1312 3276 1394 3344 loeis

218 3383 275 3466 qui
307 3384 372 3451 huo
407 3387 563 3466 spectant
594 3383 733 3466 primunr
763 3401 975 3450 commemoro
1007 3401 1080 3449 eum
1108 3384 1164 3466 qui
1190 3384 1314 3469 legitur
1336 3383 1395 3452 III

224 3495 300 3574 10‚4
330 3489 411 3560 (tam
434 3493 563 3560 exaedit
585 3489 712 3574 (agitur
733 3489 775 3557 de
797 3493 939 3570 ansere),
971 3493 1113 3577 qaimpae
1142 3493 1251 3561 dietae
1278 3493 1395 3578 primis

224 3601 400 3686 patiemim
422 3621 501 3667 esse
524 3622 596 3666 mm
617 3605 736 3682 matra*
761 3597 804 3663 ad
826 3596 1024 3665 infinitivum
1048 3621 1112 3666 esse
1135 3596 1393 3665 subaudiendum

225 3709 279 3771 est
301 3723 345 3770 ex
368 3703 539 3772 sententia
561 3703 704 3772 subiecti
726 3704 797 3772 ioco
820 3705 1014 3773 uocabulum
1038 3704 1132 3772 velut
1148 3707 1266 3790 poros.

309 3809 376 3878 Sed
398 3811 496 3895 longe
518 3811 668 3893 plurimis
689 3810 772 3878 loeis
788 3811 905 3892 quibus
921 3809 1077 3878 infinitivi
1092 3811 1276 3878 subiectum
1297 3811 1394 3880 deest

216 3918 324 3984 multo
347 3916 479 3984 faoilius
503 3936 601 3998 quarn
623 3918 686 3985 hoo
708 3916 780 3984 loeo
804 3918 992 4000 suppletur,
1020 3935 1091 3983 oum
1114 3918 1304 4001 plerumque
1327 3923 1393 3985 ter·

222 4024 294 4090 tiae
320 4042 482 4107 personae
509 4041 686 4106 pronomen
708 4042 767 4106 pre
791 4023 940 4091 subiecto
965 4023 1190 4107 oeoipiendum
1219 4025 1274 4092 sit.
1319 4023 1393 4110 Qua

221 4130 331 4214 ellipsi
353 4130 435 4197 nihii
459 4150 533 4198 esse
556 4130 761 4212 frequentius
776 4129 811 4196 in
826 4149 975 4198 sermone
990 4130 1132 4215 vulgari,
1157 4130 1234 4198 inde
1257 4149 1394 4216 eognos-

224 4238 313 4306 oitur
335 4237 421 4320 qnod
444 4237 531 4320 apud
546 4241 664 4321 poetas
681 4237 821 4304 oomioos
837 4236 1030 4320 saepissime
1045 4237 1221 4326 invenitur,
1244 4243 1284 4306 ut
1299 4256 1393 4304 aoou-

221 4344 391 4412 ratissimo
404 4343 573 4411 distinctis
585 4344 725 4428 singulis
737 4342 850 4411 formis
862 4341 1014 4425 exposuit
1025 4341 1069 4412 A.
1085 4345 1212 4429 Funok,
1225 4345 1258 4413 J.
1274 4345 1393 4414 Jahrb.

224 4457 284 4516 121
295 4456 379 4527 ,tea
411 4449 491 4517 Ounr
508 4455 620 4520 autern
636 4449 724 4535 apud
735 4451 891 4518 Plautum
909 4451 1010 4518 etiarn
1027 4450 1151 4534 prinae
1167 4452 1395 4536 secundasque
