3184 5034
693 263 915 322 ..77-

308 436 482 504 Obiectum
496 435 671 504 duodecies
684 435 770 518 apud
780 434 979 517 Ciceronem,
992 434 1095 502 toties
1108 434 1195 517 apud
1203 436 1387 506 Varronem

217 545 297 610 ante
311 544 401 610 verb.
423 542 475 610 fin.
491 543 597 609 locum
612 546 707 610 tenet
714 541 729 629 ;ζ
743 542 860 624 quibus
876 545 988 608 autem
1003 545 1079 624 post
1094 542 1229 610 verbnm
1244 541 1388 625 positum

219 648 275 726 sit,
301 651 376 716 octo
398 648 464 716 loci
486 652 565 716 sunt
589 649 675 733 apud
697 650 889 726 Varronem,
915 647 977 714 duo
1000 646 1053 715 vel
1079 650 1128 729 (nt
1150 651 1206 729 52
1229 648 1388 730 placarem

217 760 253 820 ot
266 756 402 838 fratrem
414 760 489 840 etc,
507 754 562 823 ubi
576 757 711 839 fratrem
727 753 892 838 appositio
906 752 1017 836 potius
1034 756 1087 819 est
1103 771 1200 834 qnam
1213 754 1386 838 obiectum,

217 861 382 945 omittam)
405 880 487 954 unus
511 862 599 945 apud
622 861 827 930 Ciceronem:
853 865 871 942 5
893 867 911 924 3
937 859 988 925 cai
1011 859 1087 924 dore
1110 859 1233 926 litteras
1251 881 1386 943 possem,

216 967 273 1034 ubi
295 969 381 1035 hanc
404 969 653 1036 collocationem
677 967 876 1053 praetulisse
892 969 1005 1049 potest
1021 969 1059 1031 ut
1075 965 1255 1033 clausulam
1273 966 1387 1050 dacty-

216 1073 315 1141 licam
344 1075 503 1159 („lltteras
531 1076 607 1140 darc
631 1075 791 1160 possew)
823 1073 1006 1156 evitamtl).
1053 1072 1162 1142 Varro
1186 1092 1244 1141 cur
1265 1074 1301 1140 in
1324 1071 1386 1161 51

216 1181 406 1249 sollemnem
429 1180 574 1248 ordinem
597 1181 777 1251 mutaverit
801 1179 1047 1263 (praeponebant
1069 1181 1204 1246 rusticos
1226 1181 1388 1246 Romanos

217 1287 374 1373 ardonis),
398 1292 510 1373 patet3
539 1287 621 1355 item
644 1288 678 1355 in
702 1292 720 1369 5
745 1294 765 1350 4
789 1286 842 1372 (aa
863 1285 1015 1369 sepetalms
1037 1285 1113 1366 fecit
1129 1291 1255 1371 prota);
1285 1287 1388 1354 etiam

217 1393 251 1459 in
276 1393 293 1478 5
318 1402 336 1458 5
361 1392 483 1479 (labae
505 1401 670 1478 otrancqae
744 1393 960 1476 discplinam)
977 1391 1047 1460 scil.
1064 1396 1199 1476 propter
1214 1393 1387 1476 genetiuos

218 1500 273 1582 qui
285 1505 476 1583 sequuntur,
490 1521 531 1568 ex
542 1521 573 1570 ιι.
587 1501 756 1584 disciplina
768 1500 964 1584 pendentes3
987 1519 1052 1566 non
1066 1517 1170 1581 aeque
1181 1501 1388 1584 perspicuum

217 1611 270 1674 est
292 1607 345 1673 his
367 1606 462 1674 locis:
487 1610 507 1689 5
532 1614 550 1672 2
573 1628 607 1673 se
629 1608 738 1674 dobere
760 1607 883 1687 villam·
905 1610 1011 1671 vocent
1033 1605 1115 1686 loco;
1138 1609 1157 1689 5
1175 1611 1194 1669 4
1219 1607 1389 1674 dommim

214 1714 406 1797 propediem
423 1713 760 1794 condimentarium
775 1714 864 1779 dedet
875 1712 1052 1796 praedicem.
1082 1711 1189 1780 Omisi
1200 1713 1234 1779 in
1245 1715 1388 1782 numeris

216 1820 404 1888 statuendis
427 1825 480 1903 55
499 1820 653 1903 pabulam
676 1840 864 1903 compescere
886 1839 980 1902 quom
1002 1817 1133 1884 academ
1147 1820 1249 1902 caepis
1265 1820 1389 1902 expedit

217 1931 251 1994 et
268 1930 287 2009 5
304 1934 323 1991 3
338 1929 532 2011 framentum
548 1927 686 1993 dromos
702 1925 757 2012 qai
771 1927 859 1993 codis
874 1925 1006 1992 advelat
1028 1929 1163 2010 propter
1188 1925 1389 2010 singularem

216 2032 330 2099 horum
352 2034 495 2100 locorum
519 2033 749 2102 condicionem.

307 2139 469 2207 Similiter
498 2140 744 2210 substantivum
772 2159 814 2207 ex
841 2138 1086 2223 praepositione
1112 2139 1258 2222 pendens
1286 2139 1388 2208 uicies

218 2244 306 2328 apud
338 2244 529 2313 Ciceronem
560 2247 660 2314 verbo
695 2245 789 2313 finito
820 2245 1006 2326 antecedit,
1039 2245 1147 2313 tribus
1177 2251 1307 2314 tantum
1339 2266 1389 2314 se-

217 2352 340 2434 quitur,
369 2351 421 2420 his
452 2351 617 2446 nimirum:
650 2357 668 2434 5
702 2353 827 2436 2pacd
852 2353 897 2418 ad
922 2370 970 2418 me
997 2353 1111 2418 ceradis
1134 2352 1171 2418 de
1194 2360 1388 2430 sceorstan,

217 2459 273 2526 ubi
303 2461 405 2529 verba
446 2461 484 2525 de
518 2479 624 2526 sorore
656 2465 712 2526 toa
742 2460 919 2544 premenda
947 2458 1076 2546 aranti)
1107 2462 1255 2543 (poterat
1286 2459 1390 2527 etiam

217 2565 319 2634 scribi
348 2566 386 2633 dc
416 2587 521 2633 sorore
550 2566 632 2649 qood
653 2619 659 2632 .
683 2615 690 2630 .
711 2567 824 2633 samiis
855 2565 914 2634 cir.
946 2567 965 2650 5
993 2574 1013 2630 4
1044 2565 1082 2631 de
1111 2567 1206 2630 Aeac.
1237 2565 1388 2653 nepotio);

218 2674 237 2754 5
267 2679 286 2737 4
315 2693 410 2756 prom
440 2673 679 2740 desiccatione
708 2675 751 2739 ad
780 2680 809 2740 te
840 2674 877 2739 de
906 2673 994 2738 illics
1025 2672 1227 2755 querimoniis
1254 2678 1390 2756 propter

218 2779 413 2861 chiasmum3
438 2776 493 2865 55
518 2800 598 2860 poce
620 2780 751 2846 dicendo
765 2770 898 2864 famant
920 2779 957 2845 de
980 2784 1009 2845 te
1023 2778 1168 2848 fortasse
1193 2779 1278 2862 quod
1295 2779 1390 2877 inter

322 2990 344 3059 ²)
363 2989 396 3044 In
416 2988 585 3045 orationibus
604 2994 681 3045 certe
700 2990 780 3046 acme
799 3005 858 3045 eam
878 2989 1012 3045 evitatam
1031 3005 1092 3045 esse
1105 3006 1123 3044 a
1135 2989 1275 3056 Cicerone,
1294 2989 1391 3045 subtili

221 3075 451 3133 commentatione
471 3077 672 3134 demonstravit
691 3078 722 3134 G.
742 3078 842 3134 Wuest
859 3077 888 3133 in
906 3077 979 3134 Dies.
998 3078 1065 3147 Arg.
1085 3078 1146 3130 VII.
1176 3076 1329 3133 Varronem
1346 3078 1390 3133 his

219 3165 302 3222 rebus
328 3181 440 3236 operam
468 3182 522 3221 nou
550 3165 659 3223 dedisse
684 3171 714 3222 at
738 3183 772 3222 ex
793 3165 905 3236 ingenio
929 3164 1018 3235 ipsius
1041 3165 1174 3221 Varronis
1198 3165 1342 3221 concludes
1361 3171 1391 3222 et

218 3253 297 3308 libris
315 3254 449 3324 inspectis
471 3253 556 3310 facile
580 3271 738 3325 cognosces.
774 3255 844 3312 Nam
861 3255 950 3310 multa
967 3254 1089 3310 frustula
1106 3253 1135 3309 in
1153 3268 1282 3311 numeros
1299 3253 1391 3325 redigi

220 3357 302 3411 posse
327 3342 417 3396 obiter
442 3349 638 3399 commemorat
667 3344 750 3401 Riese
774 3344 803 3399 in
827 3343 914 3414 praef.
946 3343 988 3398 ad.
1013 3344 1094 3399 Varr.
1126 3348 1179 3398 sat.
1204 3344 1276 3399 Men.
1301 3360 1327 3413 p.
1346 3346 1389 3400 dd.

218 3429 274 3485 Cir.
295 3445 318 3485 e.
337 3446 365 3499 g.
384 3431 398 3483 I
418 3430 459 3498 13,
478 3433 495 3483 6
514 3445 585 3500 quac
602 3449 676 3488 nunc
694 3432 902 3504 suntplcraquc
921 3437 1034 3497 contras
1052 3433 1080 3487 ΙΙ
1099 3434 1160 3499 1,14
1177 3432 1257 3486 tertia
1267 3447 1338 3502 pars
1350 3441 1391 3487 cst

218 3533 272 3589 quo
291 3518 327 3573 sit
343 3517 456 3572 ceminio
475 3517 662 3588 quaerendam
681 3519 728 3590 (=
746 3535 843 3575 versus
864 3521 965 3576 herous
982 3520 1071 3575 Ennio
1091 3536 1156 3576 sane
1175 3519 1285 3590 dignior
1309 3535 1390 3588 quam

218 3612 279 3663 arte
298 3605 460 3678 Ouidiana);
477 3605 517 3662 Vl
535 3606 570 3660 39
588 3606 731 3662 immanem
749 3607 893 3664 certorum
912 3608 1044 3680 expediat
1066 3625 1209 3665 numeram
1228 3609 1274 3679 (=
1292 3623 1390 3665 versus

217 3696 409 3767 pentameter).
457 3696 489 3751 ln
513 3694 555 3749 111
582 3695 617 3750 16
639 3695 691 3750 hae
715 3693 810 3750 insunt
834 3696 989 3753 clausulae:
1020 3698 1036 3766 5
1061 3698 1078 3752 6
1101 3697 1193 3752 omnia
1213 3714 1305 3768 puras
1333 3699 1348 3766 5
1373 3699 1391 3751 7

218 3782 381 3850 disturbare,
400 3784 526 3849 resistat·
550 3785 565 3854 5
585 3784 618 3838 ld
634 3785 755 3854 ficorum
773 3783 910 3839 imitantur
928 3801 1039 3850 aarum
1064 3785 1080 3857 5
1100 3787 1134 3841 23
1158 3802 1219 3842 csse
1237 3785 1390 3851 inlicicadi;

218 3871 342 3927 admixto
367 3873 506 3945 apiacam
524 3875 540 3943 5
566 3871 860 3944 sepaparationem
881 3873 898 3941 5
920 3875 956 3928 26
979 3890 994 3927 c
1018 3889 1083 3928 rore
1101 3875 1217 3932 morico.
1254 3874 1308 3932 Sed
1325 3873 1389 3929 nolo

217 3959 261 4016 his
280 3959 362 4030 nugis
380 3964 490 4030 tempus
508 3966 608 4018 terere.

319 4047 342 4119 ³)
360 4047 480 4118 Propter
498 4050 612 4107 eandem
633 4065 744 4106 causam
762 4049 792 4105 in
810 4048 938 4120 epistulis
955 4065 1010 4106 non
1028 4065 1091 4106 raro
1106 4051 1176 4106 haec
1188 4053 1233 4106 est
1242 4049 1388 4106 collocatio

217 4135 295 4192 verbi
313 4151 338 4204 q.
358 4151 382 4193 e.
401 4136 529 4194 emolere.

308 4222 437 4280 Ceterum
463 4228 497 4281 ut
514 4224 615 4294 ubique
640 4227 680 4282 sic
704 4226 789 4283 etiam
811 4225 840 4283 in
867 4226 911 4283 his
935 4227 1064 4284 membris
1093 4226 1259 4284 collocandis
1283 4226 1390 4282 numeri

217 4314 290 4370 ratio
314 4313 410 4369 habita
429 4319 480 4383 est,
505 4329 528 4370 e.
548 4331 575 4386 g.
595 4315 630 4370 ad
648 4315 709 4371 Att.
728 4316 776 4384 Ie,
800 4316 861 4371 dis
884 4332 927 4371 mc
951 4333 1085 4373 accusare
1109 4316 1143 4371 de
1167 4321 1192 4371 te
1215 4315 1320 4372 solebat
1341 4315 1389 4372 ubi

219 4407 333 4471 praeter
351 4401 456 4458 exitum
475 4402 640 4469 dactylicum
649 4404 678 4459 id
688 4418 795 4472 quoque
808 4403 967 4460 evitandum
980 4410 1050 4474 erat,
1068 4420 1103 4462 ne
1116 4409 1249 4473 quattuor
1261 4405 1389 4475 deinceps

218 4490 405 4559 monosyllaba
423 4491 663 4562 coniungerentur.
