3184 5034
688 198 908 256 -79-

213 371 393 454 adscripsit
416 369 519 436 etiam
541 371 570 445 Ι,
596 375 669 447 24,1
695 369 820 454 (aprum
842 369 949 435 oliveto
964 369 1161 445 conserendo,
1185 369 1251 434 uisi
1273 369 1327 450 qui
1349 369 1384 433 io

217 483 343 542 cautum
362 478 526 560 favonium
541 481 656 560 spectet
678 482 707 545 et
721 477 780 542 soli
795 480 934 541 ostentas
949 475 1001 554 sit,
1022 474 1121 539 olium
1137 476 1248 541 bouum
1263 474 1386 540 oollam

211 604 279 649 esse
304 608 345 643 ω
370 582 456 651 Octo
482 588 533 666 t‚2
557 581 613 650 ubi
637 583 731 650 deest
754 582 839 664 uisi).

690 780 903 788 —-—--——

691 937 819 1018 Oaput
842 937 902 1007 IV.

457 1077 512 1146 Dc
536 1076 662 1147 colore
686 1055 871 1146 sermonis
895 1073 1136 1143 varroniani.

749 1255 766 1337 q
793 1261 843 1318 cr.

301 1381 371 1447 Res
386 1399 408 1446 a
423 1381 575 1450 Varrone
598 1377 749 1444 inlibris
773 1376 1008 1460 superstitibus
1035 1379 1207 1443 tractatae
1231 1395 1304 1444 cum
1327 1377 1384 1446 vix

213 1487 302 1554 tales
327 1491 440 1552 essent
468 1486 569 1552 utin
597 1485 645 1551 eis
675 1484 869 1551 enarrandis
898 1483 1041 1565 scriptor
1062 1481 1211 1564 specioso
1235 1501 1383 1550 sermone

212 1591 265 1659 uti
287 1596 410 1674 posset,
434 1596 549 1658 tamen
564 1609 671 1656 rerum
693 1590 891 1657 rusticarum
914 1589 1016 1655 libros
1040 1605 1080 1653 ea
1103 1592 1179 1654 arte
1202 1589 1384 1671 composuit

212 1704 249 1763 ιιι
283 1697 445 1765 materiae
480 1697 647 1765 uilitatem
681 1695 846 1762 scribendi
877 1713 997 1780 genere
1028 1693 1114 1760 satis
1145 1701 1382 1776 compensaret.

211 1803 300 1870 Huic
333 1804 442 1870 studio
475 1804 651 1870 obsecutus
682 1802 807 1886 dialogi
830 1801 968 1867 formam
999 1798 1105 1867 sterili
1132 1806 1383 1883 praeceptorum

211 1910 349 1977 tabulae
373 1909 547 1996 praetulit3
575 1908 714 1994 singulis
742 1906 836 1974 libris
865 1905 1116 1974 adhortationes
1139 1909 1177 1970 ut
1200 1907 1251 1972 ita
1275 1907 1382 1972 dicam

213 2017 387 2095 praemisit
418 2016 535 2096 quibus
567 2022 689 2095 quanto
721 2015 794 2083 vita
816 2013 944 2080 rustica
967 2013 1114 2079 urbanae
1137 2011 1230 2080 vitae
1252 2013 1380 2095 praete·

212 2121 316 2186 renda
355 2121 401 2187 sit
428 2125 570 2186 venuste
598 2121 748 2202 exponit,
780 2124 881 2200 atque
903 2119 938 2185 in
961 2121 1013 2186 his
1037 2118 1143 2200 operis
1167 2118 1317 2200 partibus
1340 2139 1382 2187 ne

214 2226 373 2293 sermonis
397 2226 526 2307 quidem
543 2225 744 2308 elegantiam
760 2225 1013 2292 desiderandam
1027 2225 1176 2307 reliquit;
1199 2225 1382 2292 nominibus

211 2350 322 2400 eorum
346 2351 426 2414 quos
450 2332 675 2412 colloquentes
691 2330 775 2396 tacit
798 2331 848 2397 ita
871 2330 957 2397 ludit
980 2337 1018 2396 ut
1042 2332 1160 2399 adres
1184 2332 1382 2399 tractandas

209 2438 354 2522 referat;
388 2436 505 2506 Scrofa
536 2438 621 2504 enim
653 2437 692 2504 de
724 2437 820 2503 suillo
852 2456 973 2522 genere
997 2437 1142 2513 disserit,
1170 2438 1316 2509 Vaccius
1340 2440 1381 2506 de

211 2546 315 2612 bubus
344 2551 408 2613 etc.
440 2551 475 2610 et
499 2545 676 2628 diligenter
698 2544 732 2610 id
756 2543 887 2612 curavit
909 2551 948 2610 ut
970 2542 1005 2611 in
1028 2543 1186 2626 colloquio
1211 2545 1254 2610 ad
1276 2545 1382 2627 proxi-

209 2670 296 2716 mam
319 2654 450 2733 partem
477 2655 690 2718 transeuntes
719 2650 826 2732 lepide
855 2653 957 2731 atque
985 2651 1118 2728 urbane,
1151 2669 1250 2733 saepe
1279 2651 1381 2718 etiam

209 2757 321 2823 facete
353 2774 388 2822 se
425 2757 626 2839 exciperent.
674 2757 916 2838 Nonnunquam
950 2776 1031 2824 sane
1066 2756 1236 2838 scriptoris
1270 2759 1382 2843 negle-

210 2861 326 2945 gentia
349 2860 476 2927 tactum
499 2867 552 2928 est
576 2864 614 2926 ut
638 2861 770 2927 dubium
792 2867 928 2929 maneat
943 2881 1027 2945 quae
1043 2863 1243 2947 singulorum
1266 2870 1381 2946 partes

210 2968 289 3050 sint,
313 2967 510 3050 praesertim
534 2967 568 3033 in
591 2966 695 3050 primo
718 2967 802 3032 libro
825 2966 859 3033 in
883 2986 945 3048 quo
974 2969 1103 3034 omnino
1127 2969 1381 3049 colloquentium

209 3093 371 3156 personae
399 3074 502 3141 multo
532 3074 638 3140 minus
667 3072 836 3140 distinctis
859 3072 977 3140 finibus
1001 3074 1269 3156 circumscriptae
1293 3081 1379 3155 sunt,

212 3199 284 3247 cum
308 3201 419 3249 eorum
441 3181 574 3248 nomina
597 3183 632 3246 et
655 3199 708 3246 res
737 3179 967 3262 exprimendae
994 3179 1125 3250 vinculo
1149 3181 1381 3249 associationis

214 3287 264 3367 (ut
276 3287 472 3354 recentioris
485 3287 611 3354 aetatis
625 3287 787 3356 ¹vocabulo
804 3288 946 3353 barbaro
961 3291 1051 3371 utar)
1063 3307 1128 3355 non
1140 3289 1380 3374 cohaereant¹).

211 3390 279 3458 on.
296 3391 469 3457 Zahlteldt
484 3390 652 3478 ‘Quaestt
675 3395 749 3461 crit.
773 3395 808 3460 in
824 3395 922 3464 Varr.
945 3414 1009 3462 rer.
1033 3400 1115 3461 rust.
1139 3391 1261 3460 libros'.
1285 3396 1381 3462 Eius-

211 3498 284 3564 dem
320 3497 554 3582 neglegentiae
589 3504 642 3564 est
677 3499 762 3579 quod
792 3501 853 3565 hoc
882 3500 982 3567 illove
1012 3500 1084 3566 loco
1114 3500 1329 3581 partitionem
1359 3520 1380 3567 a

209 3606 361 3675 Varrone
385 3603 483 3670 anxie
505 3603 687 3671 indicatam
710 3624 775 3671 non
799 3606 1010 3675 observatam
1033 3607 1191 3674 videmus.

297 3713 394 3780 Haec
418 3712 457 3778 de
481 3710 636 3779 universa
651 3711 808 3778 librorum
824 3712 1066 3793 compositione.
1090 3713 1273 3781 Praeterea
1286 3733 1379 3781 occa·

208 3819 301 3885 sione
325 3819 407 3886 data
430 3817 699 3886 na1ratiuncnlas
722 3817 840 3885 inserit
864 3816 907 3883 ad
929 3817 1034 3885 vitam
1058 3838 1161 3897 suam,
1194 3825 1234 3887 ad
1256 3820 1380 3888 itinera

206 3982 418 3989 —-.--.

298 4066 319 4136 ¹)
344 4065 385 4120 llo
416 4065 505 4120 minus
535 4064 684 4122 verisimile
715 4069 759 4120 est
789 4064 941 4120 Varronem
974 4063 1143 4134 singulorum
1173 4065 1219 4132 qui
1250 4066 1379 4134 colloquii

208 4151 360 4223 participes
387 4159 452 4209 sunt
476 4170 628 4210 sermonem
656 4153 791 4211 acetaria
821 4153 959 4210 diversum
983 4154 1153 4210 conformare
1173 4153 1325 4223 studuisse,
1349 4156 1379 4211 id

207 4241 278 4308 quod
297 4257 319 4296 e.
339 4257 367 4310 g.
386 4243 414 4297 in
433 4243 543 4313 dialogo
568 4243 602 4299 de
628 4242 795 4311 oratoribus,
820 4243 849 4297 iu
875 4241 1013 4298 Ciceronis
1039 4244 1073 4299 de
1099 4235 1214 4298 oratore
1226 4242 1305 4299 libris
1324 4249 1377 4301 etc.

206 4336 333 4398 apertum
358 4335 409 4386 est.
446 4331 506 4387 Non
536 4331 625 4402 igitur
656 4347 724 4401 opus
754 4337 798 4387 est
828 4329 901 4400 apud
927 4332 1079 4388 Varronem
1109 4331 1190 4387 buius
1222 4332 1264 4387 rei
1292 4330 1377 4390 ullam

205 4419 339 4475 rationem
358 4419 467 4476 babere.
