<?xml version="1.0" encoding="UTF-8"?>
<!DOCTYPE html PUBLIC "-//W3C//DTD XHTML 1.0 Transitional//EN"
    "http://www.w3.org/TR/xhtml1/DTD/xhtml1-transitional.dtd">
<html xmlns="http://www.w3.org/1999/xhtml" xml:lang="en" lang="en">
 <head>
  <title>
</title>
<meta http-equiv="Content-Type" content="text/html;charset=utf-8" />
  <meta name='ocr-system' content='tesseract 3.04.00' />
  <meta name='ocr-capabilities' content='ocr_page ocr_carea ocr_par ocr_line ocrx_word'/>
</head>
<body>
  <div class='ocr_page' id='page_1' title='image "./devarronianoscr00krumgoog_0015.png"; bbox 0 0 3184 5034; ppageno 0'>
   <div class='ocr_carea' id='block_1_1' title="bbox 660 271 879 330">
    <p class='ocr_par' dir='ltr' id='par_1_1' title="bbox 660 271 879 330">
     <span class='ocr_line' id='line_1_1' title="bbox 660 271 879 330; baseline 0.005 -16"><span class='ocrx_word' id='word_1_1' title='bbox 660 271 879 330; x_wconf 67' lang='lat'>..10-</span> 
     </span>
    </p>
   </div>
   <div class='ocr_carea' id='block_1_2' title="bbox 185 439 1358 636">
    <p class='ocr_par' dir='ltr' id='par_1_2' title="bbox 185 439 1358 636">
     <span class='ocr_line' id='line_1_2' title="bbox 185 439 1358 531; baseline 0.005 -22"><span class='ocrx_word' id='word_1_2' title='bbox 185 443 314 510; x_wconf 78' lang='lat' dir='ltr'>Pollux.</span> <span class='ocrx_word' id='word_1_3' title='bbox 351 439 417 508; x_wconf 79' lang='lat' dir='ltr'>on.</span> <span class='ocrx_word' id='word_1_4' title='bbox 435 442 493 508; x_wconf 93' lang='lat' dir='ltr'>IX</span> <span class='ocrx_word' id='word_1_5' title='bbox 519 447 558 504; x_wconf 82' lang='lat'>67</span> <span class='ocrx_word' id='word_1_6' title='bbox 584 444 643 510; x_wconf 87' lang='lat' dir='ltr'>olii</span> <span class='ocrx_word' id='word_1_7' title='bbox 662 446 791 529; x_wconf 71' lang='lat' dir='ltr'>quoeris</span> <span class='ocrx_word' id='word_1_8' title='bbox 814 447 899 512; x_wconf 81' lang='lat' dir='ltr'>emila</span> <span class='ocrx_word' id='word_1_9' title='bbox 922 447 1035 514; x_wconf 74' lang='lat' dir='ltr'>mama</span> <span class='ocrx_word' id='word_1_10' title='bbox 1050 449 1134 530; x_wconf 80' lang='lat' dir='ltr'>qaod</span> <span class='ocrx_word' id='word_1_11' title='bbox 1150 444 1241 531; x_wconf 78' lang='lat' dir='ltr'>Cloio,</span> <span class='ocrx_word' id='word_1_12' title='bbox 1266 448 1358 516; x_wconf 80' lang='lat' dir='ltr'>aliud</span> 
     </span>
     <span class='ocr_line' id='line_1_3' title="bbox 185 550 847 636; baseline 0.002 -18"><span class='ocrx_word' id='word_1_13' title='bbox 185 551 269 636; x_wconf 80' lang='lat' dir='ltr'>qaod</span> <span class='ocrx_word' id='word_1_14' title='bbox 290 550 399 634; x_wconf 85' lang='lat' dir='ltr'>Lesbo,</span> <span class='ocrx_word' id='word_1_15' title='bbox 423 551 470 618; x_wconf 81' lang='lat' dir='ltr'>sio</span> <span class='ocrx_word' id='word_1_16' title='bbox 493 573 532 618; x_wconf 85' lang='lat' dir='ltr'>eoo</span> <span class='ocrx_word' id='word_1_17' title='bbox 554 551 739 636; x_wconf 59' lang='lat' dir='ltr'>rosionibus</span> <span class='ocrx_word' id='word_1_18' title='bbox 761 551 847 619; x_wconf 83' lang='lat' dir='ltr'>aliis.</span> 
     </span>
    </p>
   </div>
   <div class='ocr_carea' id='block_1_3' title="bbox 733 747 806 824">
    <p class='ocr_par' dir='ltr' id='par_1_3' title="bbox 733 747 806 824">
     <span class='ocr_line' id='line_1_4' title="bbox 733 747 806 824; baseline 0.014 -18"><span class='ocrx_word' id='word_1_19' title='bbox 733 747 806 824; x_wconf 68' lang='lat' dir='ltr'>§a</span> 
     </span>
    </p>
   </div>
   <div class='ocr_carea' id='block_1_4' title="bbox 179 866 1357 2656">
    <p class='ocr_par' dir='ltr' id='par_1_4' title="bbox 187 866 1357 1377">
     <span class='ocr_line' id='line_1_5' title="bbox 223 866 1357 939; baseline 0.007 -9"><span class='ocrx_word' id='word_1_20' title='bbox 223 922 226 930; x_wconf 36' lang='lat' dir='ltr'><em>s</em></span> <span class='ocrx_word' id='word_1_21' title='bbox 276 867 460 936; x_wconf 86' lang='lat' dir='ltr'>Praeterea</span> <span class='ocrx_word' id='word_1_22' title='bbox 483 886 555 934; x_wconf 90' lang='lat' dir='ltr'>cum</span> <span class='ocrx_word' id='word_1_23' title='bbox 579 866 714 934; x_wconf 83' lang='lat' dir='ltr'>adamat</span> <span class='ocrx_word' id='word_1_24' title='bbox 737 867 847 939; x_wconf 87' lang='lat' dir='ltr'>Varro</span> <span class='ocrx_word' id='word_1_25' title='bbox 869 866 1067 936; x_wconf 88' lang='lat' dir='ltr'>infinitivum</span> <span class='ocrx_word' id='word_1_26' title='bbox 1091 893 1180 938; x_wconf 80' lang='lat' dir='ltr'>osce</span> <span class='ocrx_word' id='word_1_27' title='bbox 1203 871 1357 938; x_wconf 89' lang='lat' dir='ltr'>omittere</span> 
     </span>
     <span class='ocr_line' id='line_1_6' title="bbox 187 972 1356 1061; baseline 0.004 -20"><span class='ocrx_word' id='word_1_28' title='bbox 187 975 222 1041; x_wconf 92' lang='lat' dir='ltr'>iu</span> <span class='ocrx_word' id='word_1_29' title='bbox 245 973 424 1041; x_wconf 74' lang='lat' dir='ltr'><strong>structuris</strong></span> <span class='ocrx_word' id='word_1_30' title='bbox 447 972 643 1042; x_wconf 87' lang='lat' dir='ltr'>nominativi</span> <span class='ocrx_word' id='word_1_31' title='bbox 664 991 736 1040; x_wconf 92' lang='lat' dir='ltr'>cnm</span> <span class='ocrx_word' id='word_1_32' title='bbox 752 973 810 1041; x_wconf 87' lang='lat' dir='ltr'>inf.</span> <span class='ocrx_word' id='word_1_33' title='bbox 828 973 918 1061; x_wconf 84' lang='lat' dir='ltr'>(nam</span> <span class='ocrx_word' id='word_1_34' title='bbox 934 974 976 1041; x_wconf 90' lang='lat' dir='ltr'>de</span> <span class='ocrx_word' id='word_1_35' title='bbox 992 973 1104 1040; x_wconf 85' lang='lat' dir='ltr'>eodem</span> <span class='ocrx_word' id='word_1_36' title='bbox 1119 977 1220 1044; x_wconf 77' lang='lat' dir='ltr'>verbo</span> <span class='ocrx_word' id='word_1_37' title='bbox 1237 977 1356 1046; x_wconf 87' lang='lat' dir='ltr'>omisso</span> 
     </span>
     <span class='ocr_line' id='line_1_7' title="bbox 189 1079 1356 1168; baseline 0.003 -21"><span class='ocrx_word' id='word_1_38' title='bbox 189 1080 223 1147; x_wconf 92' lang='lat' dir='ltr'>in</span> <span class='ocrx_word' id='word_1_39' title='bbox 253 1082 423 1149; x_wconf 77' lang='lat' dir='ltr'>structura</span> <span class='ocrx_word' id='word_1_40' title='bbox 454 1079 640 1148; x_wconf 86' lang='lat' dir='ltr'>accusativi</span> <span class='ocrx_word' id='word_1_41' title='bbox 670 1098 745 1146; x_wconf 90' lang='lat' dir='ltr'>cum</span> <span class='ocrx_word' id='word_1_42' title='bbox 772 1080 861 1148; x_wconf 85' lang='lat' dir='ltr'>infin.</span> <span class='ocrx_word' id='word_1_43' title='bbox 892 1079 974 1163; x_wconf 76' lang='lat' dir='ltr'>porr.</span> <span class='ocrx_word' id='word_1_44' title='bbox 1007 1084 1066 1148; x_wconf 91' lang='lat' dir='ltr'>aut</span> <span class='ocrx_word' id='word_1_45' title='bbox 1096 1081 1157 1149; x_wconf 85' lang='lat' dir='ltr'>fut.</span> <span class='ocrx_word' id='word_1_46' title='bbox 1188 1100 1253 1150; x_wconf 91' lang='lat' dir='ltr'>uon</span> <span class='ocrx_word' id='word_1_47' title='bbox 1276 1102 1356 1168; x_wconf 81' lang='lat' dir='ltr'>opus</span> 
     </span>
     <span class='ocr_line' id='line_1_8' title="bbox 188 1185 1355 1277; baseline 0.006 -23"><span class='ocrx_word' id='word_1_48' title='bbox 188 1189 241 1254; x_wconf 91' lang='lat' dir='ltr'>est</span> <span class='ocrx_word' id='word_1_49' title='bbox 273 1185 458 1270; x_wconf 85' lang='lat' dir='ltr'>disserere),</span> <span class='ocrx_word' id='word_1_50' title='bbox 488 1205 553 1253; x_wconf 92' lang='lat' dir='ltr'>non</span> <span class='ocrx_word' id='word_1_51' title='bbox 579 1203 655 1252; x_wconf 91' lang='lat' dir='ltr'>raro</span> <span class='ocrx_word' id='word_1_52' title='bbox 678 1186 781 1254; x_wconf 77' lang='lat' dir='ltr'>verba</span> <span class='ocrx_word' id='word_1_53' title='bbox 804 1186 898 1255; x_wconf 87' lang='lat' dir='ltr'>velut</span> <span class='ocrx_word' id='word_1_54' title='bbox 920 1186 1017 1254; x_wconf 90' lang='lat' dir='ltr'>haec:</span> <span class='ocrx_word' id='word_1_55' title='bbox 1043 1211 1136 1274; x_wconf 74' lang='lat' dir='ltr'>posse</span> <span class='ocrx_word' id='word_1_56' title='bbox 1159 1193 1223 1258; x_wconf 80' lang='lat' dir='ltr'>clici</span> <span class='ocrx_word' id='word_1_57' title='bbox 1244 1195 1355 1277; x_wconf 77' lang='lat' dir='ltr'>cidem,</span> 
     </span>
     <span class='ocr_line' id='line_1_9' title="bbox 189 1292 1151 1377; baseline 0.001 -18"><span class='ocrx_word' id='word_1_58' title='bbox 189 1293 260 1360; x_wconf 89' lang='lat' dir='ltr'>sine</span> <span class='ocrx_word' id='word_1_59' title='bbox 284 1292 449 1362; x_wconf 78' lang='lat' dir='ltr'>infinitivo</span> <span class='ocrx_word' id='word_1_60' title='bbox 471 1292 635 1377; x_wconf 85' lang='lat' dir='ltr'>leguntur.</span> <span class='ocrx_word' id='word_1_61' title='bbox 681 1293 843 1376; x_wconf 85' lang='lat' dir='ltr'>Exempla</span> <span class='ocrx_word' id='word_1_62' title='bbox 866 1292 1031 1375; x_wconf 83' lang='lat' dir='ltr'>proferam</span> <span class='ocrx_word' id='word_1_63' title='bbox 1054 1293 1151 1362; x_wconf 89' lang='lat' dir='ltr'>haec:</span> 
     </span>
    </p>

    <p class='ocr_par' dir='ltr' id='par_1_5' title="bbox 184 1400 1357 2120">
     <span class='ocr_line' id='line_1_10' title="bbox 276 1400 1356 1486; baseline 0.009 -24"><span class='ocrx_word' id='word_1_64' title='bbox 276 1405 315 1480; x_wconf 84' lang='lat'>1.,</span> <span class='ocrx_word' id='word_1_65' title='bbox 334 1422 464 1486; x_wconf 75' lang='lat' dir='ltr'>posse:</span> <span class='ocrx_word' id='word_1_66' title='bbox 493 1400 527 1469; x_wconf 99' lang='lat' dir='ltr'>V</span> <span class='ocrx_word' id='word_1_67' title='bbox 550 1404 591 1462; x_wconf 84' lang='lat'>38</span> <span class='ocrx_word' id='word_1_68' title='bbox 623 1400 759 1486; x_wconf 76' lang='lat' dir='ltr'>Propter</span> <span class='ocrx_word' id='word_1_69' title='bbox 788 1401 904 1469; x_wconf 78' lang='lat' dir='ltr'>horum</span> <span class='ocrx_word' id='word_1_70' title='bbox 934 1401 1182 1472; x_wconf 70' lang='lat' dir='ltr'>similitudieem</span> <span class='ocrx_word' id='word_1_71' title='bbox 1211 1405 1250 1473; x_wconf 83' lang='lat' dir='ltr'>ia</span> <span class='ocrx_word' id='word_1_72' title='bbox 1281 1407 1356 1473; x_wconf 83' lang='lat' dir='ltr'>arbe</span> 
     </span>
     <span class='ocr_line' id='line_1_11' title="bbox 185 1506 1357 1597; baseline 0.003 -22"><span class='ocrx_word' id='word_1_73' title='bbox 185 1510 253 1576; x_wconf 89' lang='lat' dir='ltr'>loco</span> <span class='ocrx_word' id='word_1_74' title='bbox 276 1529 365 1594; x_wconf 74' lang='lat' dir='ltr'>paro</span> <span class='ocrx_word' id='word_1_75' title='bbox 387 1506 500 1591; x_wconf 82' lang='lat' dir='ltr'>Areae,</span> <span class='ocrx_word' id='word_1_76' title='bbox 529 1529 634 1592; x_wconf 78' lang='lat' dir='ltr'>oqao</span> <span class='ocrx_word' id='word_1_77' title='bbox 659 1514 759 1592; x_wconf 82' lang='lat' dir='ltr'>potest</span> <span class='ocrx_word' id='word_1_78' title='bbox 786 1508 881 1575; x_wconf 84' lang='lat' dir='ltr'>otiam</span> <span class='ocrx_word' id='word_1_79' title='bbox 903 1506 972 1576; x_wconf 82' lang='lat' dir='ltr'>Ara</span> <span class='ocrx_word' id='word_1_80' title='bbox 995 1507 1113 1594; x_wconf 83' lang='lat' dir='ltr'>Deam,</span> <span class='ocrx_word' id='word_1_81' title='bbox 1142 1511 1226 1597; x_wconf 76' lang='lat' dir='ltr'>qaod</span> <span class='ocrx_word' id='word_1_82' title='bbox 1250 1532 1357 1596; x_wconf 64' lang='lat' dir='ltr'>parm·</span> 
     </span>
     <span class='ocr_line' id='line_1_12' title="bbox 184 1614 1356 1700; baseline 0.002 -17"><span class='ocrx_word' id='word_1_83' title='bbox 184 1614 238 1683; x_wconf 92' lang='lat' dir='ltr'>VI</span> <span class='ocrx_word' id='word_1_84' title='bbox 262 1619 302 1676; x_wconf 84' lang='lat'>58</span> <span class='ocrx_word' id='word_1_85' title='bbox 335 1615 461 1699; x_wconf 76' lang='lat' dir='ltr'>quoio</span> <span class='ocrx_word' id='word_1_86' title='bbox 488 1615 578 1682; x_wconf 76' lang='lat' dir='ltr'>verbo</span> <span class='ocrx_word' id='word_1_87' title='bbox 606 1635 719 1700; x_wconf 73' lang='lat' dir='ltr'>yroeoo</span> <span class='ocrx_word' id='word_1_88' title='bbox 747 1620 847 1698; x_wconf 81' lang='lat' dir='ltr'>potest</span> <span class='ocrx_word' id='word_1_89' title='bbox 876 1615 1088 1698; x_wconf 59' lang='lat' dir='ltr'>declinatam</span> <span class='ocrx_word' id='word_1_90' title='bbox 1118 1615 1171 1684; x_wconf 84' lang='lat' dir='ltr'>VI</span> <span class='ocrx_word' id='word_1_91' title='bbox 1195 1621 1235 1678; x_wconf 87' lang='lat'>68</span> <span class='ocrx_word' id='word_1_92' title='bbox 1265 1616 1356 1684; x_wconf 76' lang='lat' dir='ltr'>roo</span> 
     </span>
     <span class='ocr_line' id='line_1_13' title="bbox 186 1717 1354 1806; baseline 0.006 -25"><span class='ocrx_word' id='word_1_93' title='bbox 186 1717 343 1803; x_wconf 73' lang='grc' dir='ltr'><strong><em>θριάμβῳ,</em></strong></span> <span class='ocrx_word' id='word_1_94' title='bbox 368 1741 521 1805; x_wconf 72' lang='lat' dir='ltr'>ooooaoo</span> <span class='ocrx_word' id='word_1_95' title='bbox 551 1719 663 1788; x_wconf 74' lang='lat' dir='ltr'>Ditem</span> <span class='ocrx_word' id='word_1_96' title='bbox 692 1726 894 1806; x_wconf 70' lang='lat' dir='ltr'>coquomoato</span> <span class='ocrx_word' id='word_1_97' title='bbox 919 1727 1023 1806; x_wconf 74' lang='lat' dir='ltr'>potest</span> <span class='ocrx_word' id='word_1_98' title='bbox 1052 1722 1181 1790; x_wconf 84' lang='lat' dir='ltr'>dictum.</span> <span class='ocrx_word' id='word_1_99' title='bbox 1228 1719 1354 1789; x_wconf 80' lang='lat' dir='ltr'>Oontra</span> 
     </span>
     <span class='ocr_line' id='line_1_14' title="bbox 186 1823 1353 1912; baseline -0.001 -17"><span class='ocrx_word' id='word_1_100' title='bbox 186 1826 239 1895; x_wconf 84' lang='lat' dir='ltr'>VI</span> <span class='ocrx_word' id='word_1_101' title='bbox 257 1831 295 1888; x_wconf 83' lang='lat'>73</span> <span class='ocrx_word' id='word_1_102' title='bbox 312 1825 425 1894; x_wconf 84' lang='lat' dir='ltr'>Etiam</span> <span class='ocrx_word' id='word_1_103' title='bbox 439 1825 552 1912; x_wconf 77' lang='lat' dir='ltr'>Speso</span> <span class='ocrx_word' id='word_1_104' title='bbox 574 1825 692 1912; x_wconf 74' lang='lat' dir='ltr'>Sponte</span> <span class='ocrx_word' id='word_1_105' title='bbox 701 1832 805 1912; x_wconf 77' lang='lat' dir='ltr'>potest</span> <span class='ocrx_word' id='word_1_106' title='bbox 827 1848 892 1894; x_wconf 83' lang='lat' dir='ltr'>esse</span> <span class='ocrx_word' id='word_1_107' title='bbox 914 1827 1082 1895; x_wconf 78' lang='lat' dir='ltr'>declinato.</span> <span class='ocrx_word' id='word_1_108' title='bbox 1114 1823 1196 1892; x_wconf 84' lang='lat' dir='ltr'>Alia</span> <span class='ocrx_word' id='word_1_109' title='bbox 1218 1825 1353 1912; x_wconf 78' lang='lat' dir='ltr'>collegit</span> 
     </span>
     <span class='ocr_line' id='line_1_15' title="bbox 186 1928 1354 2015; baseline 0 -15"><span class='ocrx_word' id='word_1_110' title='bbox 186 1932 224 2000; x_wconf 93' lang='lat'>0.</span> <span class='ocrx_word' id='word_1_111' title='bbox 249 1931 372 1998; x_wconf 81' lang='lat' dir='ltr'>Miller</span> <span class='ocrx_word' id='word_1_112' title='bbox 395 1930 438 1998; x_wconf 85' lang='lat' dir='ltr'>ad</span> <span class='ocrx_word' id='word_1_113' title='bbox 461 1932 495 2001; x_wconf 97' lang='lat' dir='ltr'>V</span> <span class='ocrx_word' id='word_1_114' title='bbox 518 1936 570 1994; x_wconf 87' lang='lat'>38.</span> <span class='ocrx_word' id='word_1_115' title='bbox 616 1931 658 1996; x_wconf 96' lang='lat' dir='ltr'>In</span> <span class='ocrx_word' id='word_1_116' title='bbox 680 1930 848 2015; x_wconf 81' lang='lat' dir='ltr'>Mergneti</span> <span class='ocrx_word' id='word_1_117' title='bbox 879 1930 919 1996; x_wconf 88' lang='lat' dir='ltr'>de</span> <span class='ocrx_word' id='word_1_118' title='bbox 951 1928 1119 1997; x_wconf 82' lang='lat' dir='ltr'>Ciceronis</span> <span class='ocrx_word' id='word_1_119' title='bbox 1150 1932 1354 2002; x_wconf 86' lang='lat' dir='ltr'>orationibus</span> 
     </span>
     <span class='ocr_line' id='line_1_16' title="bbox 184 2035 1096 2120; baseline -0.004 -16"><span class='ocrx_word' id='word_1_120' title='bbox 184 2036 291 2104; x_wconf 82' lang='lat' dir='ltr'>lexico</span> <span class='ocrx_word' id='word_1_121' title='bbox 314 2038 401 2104; x_wconf 87' lang='lat' dir='ltr'>hauc</span> <span class='ocrx_word' id='word_1_122' title='bbox 424 2035 555 2120; x_wconf 87' lang='lat' dir='ltr'>ellipsin</span> <span class='ocrx_word' id='word_1_123' title='bbox 580 2038 866 2103; x_wconf 76' lang='lat' dir='ltr'>commemoratam</span> <span class='ocrx_word' id='word_1_124' title='bbox 887 2054 953 2102; x_wconf 95' lang='lat' dir='ltr'>non</span> <span class='ocrx_word' id='word_1_125' title='bbox 975 2036 1096 2105; x_wconf 87' lang='lat' dir='ltr'>inveni.</span> 
     </span>
    </p>

    <p class='ocr_par' dir='ltr' id='par_1_6' title="bbox 179 2144 1355 2656">
     <span class='ocr_line' id='line_1_17' title="bbox 275 2144 1353 2230; baseline 0.006 -23"><span class='ocrx_word' id='word_1_126' title='bbox 275 2149 313 2227; x_wconf 82' lang='grc'>2.,</span> <span class='ocrx_word' id='word_1_127' title='bbox 337 2146 433 2213; x_wconf 81' lang='lat' dir='ltr'>dici:</span> <span class='ocrx_word' id='word_1_128' title='bbox 455 2144 488 2213; x_wconf 89' lang='lat' dir='ltr'>V</span> <span class='ocrx_word' id='word_1_129' title='bbox 514 2149 574 2207; x_wconf 82' lang='lat'>158</span> <span class='ocrx_word' id='word_1_130' title='bbox 599 2146 754 2213; x_wconf 70' lang='lat' dir='ltr'>dicantar</span> <span class='ocrx_word' id='word_1_131' title='bbox 777 2145 956 2230; x_wconf 81' lang='lat' dir='ltr'>acdificati;</span> <span class='ocrx_word' id='word_1_132' title='bbox 979 2144 1012 2215; x_wconf 90' lang='lat' dir='ltr'>V</span> <span class='ocrx_word' id='word_1_133' title='bbox 1037 2149 1098 2208; x_wconf 86' lang='lat'>159</span> <span class='ocrx_word' id='word_1_134' title='bbox 1122 2147 1278 2214; x_wconf 79' lang='lat' dir='ltr'>dicuutur</span> <span class='ocrx_word' id='word_1_135' title='bbox 1301 2169 1353 2214; x_wconf 85' lang='lat' dir='ltr'>co·</span> 
     </span>
     <span class='ocr_line' id='line_1_18' title="bbox 185 2250 1355 2336; baseline 0.003 -18"><span class='ocrx_word' id='word_1_136' title='bbox 185 2253 310 2335; x_wconf 65' lang='lat' dir='ltr'>acoliti·</span> <span class='ocrx_word' id='word_1_137' title='bbox 347 2250 367 2316; x_wconf 97' lang='lat' dir='ltr'>I</span> <span class='ocrx_word' id='word_1_138' title='bbox 399 2255 428 2334; x_wconf 84' lang='lat'>2,</span> <span class='ocrx_word' id='word_1_139' title='bbox 455 2255 495 2314; x_wconf 85' lang='lat'>20</span> <span class='ocrx_word' id='word_1_140' title='bbox 527 2253 622 2320; x_wconf 82' lang='lat' dir='ltr'>orbor</span> <span class='ocrx_word' id='word_1_141' title='bbox 653 2253 721 2319; x_wconf 86' lang='lat' dir='ltr'>oleo</span> <span class='ocrx_word' id='word_1_142' title='bbox 751 2273 832 2336; x_wconf 77' lang='lat' dir='ltr'>qaue</span> <span class='ocrx_word' id='word_1_143' title='bbox 856 2253 1003 2336; x_wconf 76' lang='lat' dir='ltr'>primam</span> <span class='ocrx_word' id='word_1_144' title='bbox 1033 2253 1154 2320; x_wconf 80' lang='lat' dir='ltr'>dicitur</span> <span class='ocrx_word' id='word_1_145' title='bbox 1184 2253 1229 2320; x_wconf 81' lang='lat' dir='ltr'>ibi</span> <span class='ocrx_word' id='word_1_146' title='bbox 1258 2260 1355 2335; x_wconf 56' lang='grc' dir='ltr'>παίω</span> 
     </span>
     <span class='ocr_line' id='line_1_19' title="bbox 184 2357 1353 2444; baseline 0.003 -22"><span class='ocrx_word' id='word_1_147' title='bbox 184 2357 243 2422; x_wconf 92' lang='grc' dir='ltr'>ΙΠ</span> <span class='ocrx_word' id='word_1_148' title='bbox 267 2363 284 2418; x_wconf 86' lang='lat'>5</span> <span class='ocrx_word' id='word_1_149' title='bbox 310 2360 394 2423; x_wconf 84' lang='lat' dir='ltr'>extr.</span> <span class='ocrx_word' id='word_1_150' title='bbox 418 2357 457 2425; x_wconf 90' lang='lat' dir='ltr'>P.</span> <span class='ocrx_word' id='word_1_151' title='bbox 475 2359 581 2444; x_wconf 65' lang='lat' dir='ltr'>caruit</span> <span class='ocrx_word' id='word_1_152' title='bbox 603 2359 687 2444; x_wconf 76' lang='lat' dir='ltr'>qaod</span> <span class='ocrx_word' id='word_1_153' title='bbox 710 2359 969 2430; x_wconf 66' lang='lat' dir='ltr'>olooaoooltolaci</span> <span class='ocrx_word' id='word_1_154' title='bbox 993 2366 1097 2426; x_wconf 83' lang='lat' dir='ltr'>castos</span> <span class='ocrx_word' id='word_1_155' title='bbox 1119 2359 1282 2427; x_wconf 79' lang='lat' dir='ltr'>dicabatur</span> <span class='ocrx_word' id='word_1_156' title='bbox 1304 2361 1353 2426; x_wconf 87' lang='lat' dir='ltr'>olo-</span> 
     </span>
     <span class='ocr_line' id='line_1_20' title="bbox 179 2461 1355 2550; baseline 0.001 -19"><span class='ocrx_word' id='word_1_157' title='bbox 179 2486 322 2550; x_wconf 77' lang='lat' dir='ltr'>proasus</span> <span class='ocrx_word' id='word_1_158' title='bbox 345 2461 415 2548; x_wconf 86' lang='lat' dir='ltr'>(cfr.</span> <span class='ocrx_word' id='word_1_159' title='bbox 431 2463 490 2530; x_wconf 88' lang='lat' dir='ltr'>HI</span> <span class='ocrx_word' id='word_1_160' title='bbox 507 2469 559 2547; x_wconf 86' lang='lat'>5‚8</span> <span class='ocrx_word' id='word_1_161' title='bbox 584 2465 769 2534; x_wconf 75' lang='lat' dir='ltr'>ornithonis</span> <span class='ocrx_word' id='word_1_162' title='bbox 789 2466 846 2550; x_wconf 80' lang='lat' dir='ltr'>qai</span> <span class='ocrx_word' id='word_1_163' title='bbox 868 2466 975 2532; x_wconf 77' lang='lat' dir='ltr'>animi</span> <span class='ocrx_word' id='word_1_164' title='bbox 998 2487 1097 2533; x_wconf 84' lang='lat' dir='ltr'>cuasa</span> <span class='ocrx_word' id='word_1_165' title='bbox 1120 2467 1311 2534; x_wconf 75' lang='lat' dir='ltr'>constitutos</span> <span class='ocrx_word' id='word_1_166' title='bbox 1333 2487 1355 2532; x_wconf 89' lang='lat' dir='ltr'>o</span> 
     </span>
     <span class='ocr_line' id='line_1_21' title="bbox 185 2568 426 2656; baseline 0 -20"><span class='ocrx_word' id='word_1_167' title='bbox 185 2576 214 2636; x_wconf 87' lang='lat' dir='ltr'>to</span> <span class='ocrx_word' id='word_1_168' title='bbox 231 2621 237 2636; x_wconf 94' lang='lat'><strong><em>.</em></strong></span> <span class='ocrx_word' id='word_1_169' title='bbox 257 2621 264 2636; x_wconf 90' lang='lat'><strong>.</strong></span> <span class='ocrx_word' id='word_1_170' title='bbox 283 2622 289 2637; x_wconf 94' lang='lat'><strong><em>.</em></strong></span> <span class='ocrx_word' id='word_1_171' title='bbox 306 2568 426 2656; x_wconf 70' lang='lat' dir='ltr'>fomur)</span> 
     </span>
    </p>
   </div>
   <div class='ocr_carea' id='block_1_5' title="bbox 185 2674 1354 3078">
    <p class='ocr_par' dir='ltr' id='par_1_7' title="bbox 185 2674 1354 2852">
     <span class='ocr_line' id='line_1_22' title="bbox 274 2674 1354 2764; baseline 0.007 -25"><span class='ocrx_word' id='word_1_172' title='bbox 274 2681 314 2754; x_wconf 85' lang='grc'>3.,</span> <span class='ocrx_word' id='word_1_173' title='bbox 340 2677 483 2743; x_wconf 82' lang='lat' dir='ltr'>uideri:</span> <span class='ocrx_word' id='word_1_174' title='bbox 509 2674 562 2745; x_wconf 96' lang='lat' dir='ltr'>VI</span> <span class='ocrx_word' id='word_1_175' title='bbox 588 2679 626 2738; x_wconf 88' lang='lat'>18</span> <span class='ocrx_word' id='word_1_176' title='bbox 658 2676 740 2744; x_wconf 88' lang='lat' dir='ltr'>Dios</span> <span class='ocrx_word' id='word_1_177' title='bbox 766 2676 955 2764; x_wconf 73' lang='lat' dir='ltr'>Poplifaqiu</span> <span class='ocrx_word' id='word_1_178' title='bbox 988 2679 1115 2745; x_wconf 77' lang='lat' dir='ltr'>oidotm</span> <span class='ocrx_word' id='word_1_179' title='bbox 1148 2679 1354 2760; x_wconf 62' lang='lat' dir='ltr'>nominatas·</span> 
     </span>
     <span class='ocr_line' id='line_1_23' title="bbox 185 2781 1298 2852; baseline -0.004 -2"><span class='ocrx_word' id='word_1_180' title='bbox 185 2781 237 2850; x_wconf 94' lang='lat' dir='ltr'>VI</span> <span class='ocrx_word' id='word_1_181' title='bbox 263 2786 303 2844; x_wconf 83' lang='lat'>83</span> <span class='ocrx_word' id='word_1_182' title='bbox 327 2782 377 2851; x_wconf 83' lang='lat' dir='ltr'>Ao</span> <span class='ocrx_word' id='word_1_183' title='bbox 398 2783 533 2850; x_wconf 80' lang='lat' dir='ltr'>acribus</span> <span class='ocrx_word' id='word_1_184' title='bbox 556 2784 650 2851; x_wconf 81' lang='lat' dir='ltr'>oeroo</span> <span class='ocrx_word' id='word_1_185' title='bbox 671 2785 823 2852; x_wconf 71' lang='lat' dir='ltr'>villemar</span> <span class='ocrx_word' id='word_1_186' title='bbox 845 2785 930 2852; x_wconf 83' lang='lat' dir='ltr'>dicto</span> <span class='ocrx_word' id='word_1_187' title='bbox 952 2782 1060 2850; x_wconf 83' lang='lat' dir='ltr'>Aaclio</span> <span class='ocrx_word' id='word_1_188' title='bbox 1084 2791 1113 2850; x_wconf 87' lang='lat' dir='ltr'>et</span> <span class='ocrx_word' id='word_1_189' title='bbox 1133 2783 1298 2851; x_wconf 82' lang='lat' dir='ltr'>Ausculto.</span> 
     </span>
    </p>

    <p class='ocr_par' dir='ltr' id='par_1_8' title="bbox 187 2886 1353 3078">
     <span class='ocr_line' id='line_1_24' title="bbox 276 2886 1353 2971; baseline 0 -18"><span class='ocrx_word' id='word_1_190' title='bbox 276 2887 374 2953; x_wconf 91' lang='lat' dir='ltr'>Haec</span> <span class='ocrx_word' id='word_1_191' title='bbox 398 2887 460 2953; x_wconf 86' lang='lat' dir='ltr'>dno</span> <span class='ocrx_word' id='word_1_192' title='bbox 489 2888 601 2971; x_wconf 87' lang='lat' dir='ltr'>verba,</span> <span class='ocrx_word' id='word_1_193' title='bbox 634 2891 700 2958; x_wconf 85' lang='lat' dir='ltr'>clici</span> <span class='ocrx_word' id='word_1_194' title='bbox 728 2892 763 2954; x_wconf 91' lang='lat' dir='ltr'>et</span> <span class='ocrx_word' id='word_1_195' title='bbox 790 2892 902 2964; x_wconf 80' lang='lat' dir='ltr'>uiolari,</span> <span class='ocrx_word' id='word_1_196' title='bbox 928 2888 1029 2954; x_wconf 87' lang='lat' dir='ltr'>etiam</span> <span class='ocrx_word' id='word_1_197' title='bbox 1053 2888 1141 2971; x_wconf 86' lang='lat' dir='ltr'>apud</span> <span class='ocrx_word' id='word_1_198' title='bbox 1164 2886 1353 2955; x_wconf 80' lang='lat' dir='ltr'>Ciceronem</span> 
     </span>
     <span class='ocr_line' id='line_1_25' title="bbox 187 2993 692 3078; baseline 0.002 -17"><span class='ocrx_word' id='word_1_199' title='bbox 187 2994 302 3061; x_wconf 90' lang='lat' dir='ltr'>eadem</span> <span class='ocrx_word' id='word_1_200' title='bbox 325 2993 495 3063; x_wconf 86' lang='lat' dir='ltr'>brevitate</span> <span class='ocrx_word' id='word_1_201' title='bbox 517 2997 692 3078; x_wconf 85' lang='lat' dir='ltr'>ponuntur.</span> 
     </span>
    </p>
   </div>
   <div class='ocr_carea' id='block_1_6' title="bbox 662 3209 873 3221">
    <p class='ocr_par' dir='ltr' id='par_1_9' title="bbox 662 3209 873 3221">
     <span class='ocr_line' id='line_1_26' title="bbox 662 3209 873 3221; baseline -0.009 -1"><span class='ocrx_word' id='word_1_202' title='bbox 662 3209 873 3221; x_wconf 63' lang='lat'>.--.--—·-·</span> 
     </span>
    </p>
   </div>
   <div class='ocr_carea' id='block_1_7' title="bbox 344 3420 1194 3648">
    <p class='ocr_par' dir='ltr' id='par_1_10' title="bbox 344 3420 1194 3648">
     <span class='ocr_line' id='line_1_27' title="bbox 662 3420 873 3503; baseline -0.014 -14"><span class='ocrx_word' id='word_1_203' title='bbox 662 3420 803 3503; x_wconf 78' lang='lat' dir='ltr'>Caput</span> <span class='ocrx_word' id='word_1_204' title='bbox 825 3420 873 3487; x_wconf 92' lang='lat' dir='ltr'>II.</span> 
     </span>
     <span class='ocr_line' id='line_1_28' title="bbox 344 3559 1194 3648; baseline -0.006 -15"><span class='ocrx_word' id='word_1_205' title='bbox 344 3564 401 3634; x_wconf 92' lang='lat' dir='ltr'>De</span> <span class='ocrx_word' id='word_1_206' title='bbox 422 3559 585 3633; x_wconf 87' lang='lat' dir='ltr'>subiecti</span> <span class='ocrx_word' id='word_1_207' title='bbox 609 3564 648 3633; x_wconf 87' lang='lat' dir='ltr'>et</span> <span class='ocrx_word' id='word_1_208' title='bbox 669 3559 881 3648; x_wconf 83' lang='lat' dir='ltr'>praedicati</span> <span class='ocrx_word' id='word_1_209' title='bbox 904 3561 1194 3648; x_wconf 63' lang='lat' dir='ltr'>congruentia).</span> 
     </span>
    </p>
   </div>
   <div class='ocr_carea' id='block_1_8' title="bbox 183 3742 1355 4376">
    <p class='ocr_par' dir='ltr' id='par_1_11' title="bbox 735 3742 801 3821">
     <span class='ocr_line' id='line_1_29' title="bbox 735 3742 801 3821; baseline 0 -17"><span class='ocrx_word' id='word_1_210' title='bbox 735 3742 754 3821; x_wconf 65' lang='grc' dir='ltr'><strong>ξ</strong></span> <span class='ocrx_word' id='word_1_211' title='bbox 771 3746 801 3804; x_wconf 83' lang='grc'>5.</span> 
     </span>
    </p>

    <p class='ocr_par' dir='ltr' id='par_1_12' title="bbox 183 3861 1355 4376">
     <span class='ocr_line' id='line_1_30' title="bbox 275 3861 1354 3934; baseline -0.006 -1"><span class='ocrx_word' id='word_1_212' title='bbox 275 3865 469 3934; x_wconf 81' lang='lat' dir='ltr'>Subiectum</span> <span class='ocrx_word' id='word_1_213' title='bbox 492 3865 522 3932; x_wconf 91' lang='lat' dir='ltr'>si</span> <span class='ocrx_word' id='word_1_214' title='bbox 549 3866 685 3932; x_wconf 86' lang='lat' dir='ltr'>constat</span> <span class='ocrx_word' id='word_1_215' title='bbox 707 3861 831 3929; x_wconf 86' lang='lat' dir='ltr'>duobus</span> <span class='ocrx_word' id='word_1_216' title='bbox 860 3880 879 3927; x_wconf 92' lang='lat' dir='ltr'>e</span> <span class='ocrx_word' id='word_1_217' title='bbox 906 3861 1127 3931; x_wconf 83' lang='lat' dir='ltr'>substantivis</span> <span class='ocrx_word' id='word_1_218' title='bbox 1158 3861 1193 3929; x_wconf 90' lang='lat' dir='ltr'>iu</span> <span class='ocrx_word' id='word_1_219' title='bbox 1221 3879 1354 3928; x_wconf 88' lang='lat' dir='ltr'>numero</span> 
     </span>
     <span class='ocr_line' id='line_1_31' title="bbox 187 3967 1355 4059; baseline -0.007 -19"><span class='ocrx_word' id='word_1_220' title='bbox 187 3972 349 4059; x_wconf 82' lang='lat' dir='ltr'>singulari</span> <span class='ocrx_word' id='word_1_221' title='bbox 371 3972 500 4055; x_wconf 90' lang='lat' dir='ltr'>positis,</span> <span class='ocrx_word' id='word_1_222' title='bbox 532 3969 760 4056; x_wconf 81' lang='lat' dir='ltr'>praedicatum</span> <span class='ocrx_word' id='word_1_223' title='bbox 790 3967 872 4035; x_wconf 87' lang='lat' dir='ltr'>item</span> <span class='ocrx_word' id='word_1_224' title='bbox 899 3967 969 4035; x_wconf 86' lang='lat' dir='ltr'>lere</span> <span class='ocrx_word' id='word_1_225' title='bbox 1000 3969 1194 4036; x_wconf 88' lang='lat' dir='ltr'>constanter</span> <span class='ocrx_word' id='word_1_226' title='bbox 1217 3967 1355 4035; x_wconf 87' lang='lat' dir='ltr'>eundem</span> 
     </span>
     <span class='ocr_line' id='line_1_32' title="bbox 185 4072 1354 4158; baseline -0.008 -11"><span class='ocrx_word' id='word_1_227' title='bbox 185 4099 354 4149; x_wconf 88' lang='lat' dir='ltr'>numerum</span> <span class='ocrx_word' id='word_1_228' title='bbox 385 4079 529 4146; x_wconf 84' lang='lat' dir='ltr'>exhibet.</span> <span class='ocrx_word' id='word_1_229' title='bbox 575 4075 723 4144; x_wconf 90' lang='lat' dir='ltr'>Plnralis</span> <span class='ocrx_word' id='word_1_230' title='bbox 755 4073 840 4142; x_wconf 90' lang='lat' dir='ltr'>enim</span> <span class='ocrx_word' id='word_1_231' title='bbox 871 4073 1079 4158; x_wconf 84' lang='lat' dir='ltr'>paucissimis</span> <span class='ocrx_word' id='word_1_232' title='bbox 1110 4075 1243 4140; x_wconf 90' lang='lat' dir='ltr'>tantum</span> <span class='ocrx_word' id='word_1_233' title='bbox 1272 4072 1354 4140; x_wconf 91' lang='lat' dir='ltr'>locis</span> 
     </span>
     <span class='ocr_line' id='line_1_33' title="bbox 185 4179 1354 4269; baseline -0.006 -16"><span class='ocrx_word' id='word_1_234' title='bbox 185 4189 300 4254; x_wconf 84' lang='lat' dir='ltr'>exstat</span> <span class='ocrx_word' id='word_1_235' title='bbox 324 4191 392 4269; x_wconf 89' lang='lat' dir='ltr'>(eos</span> <span class='ocrx_word' id='word_1_236' title='bbox 415 4185 505 4252; x_wconf 89' lang='lat' dir='ltr'>locos</span> <span class='ocrx_word' id='word_1_237' title='bbox 521 4182 637 4267; x_wconf 89' lang='lat' dir='ltr'>quibus</span> <span class='ocrx_word' id='word_1_238' title='bbox 655 4183 695 4249; x_wconf 86' lang='lat' dir='ltr'>de</span> <span class='ocrx_word' id='word_1_239' title='bbox 711 4180 878 4248; x_wconf 91' lang='lat' dir='ltr'>hominnm</span> <span class='ocrx_word' id='word_1_240' title='bbox 893 4179 1086 4256; x_wconf 90' lang='lat' dir='ltr'>nominibus,</span> <span class='ocrx_word' id='word_1_241' title='bbox 1110 4197 1176 4246; x_wconf 92' lang='lat' dir='ltr'>non</span> <span class='ocrx_word' id='word_1_242' title='bbox 1192 4180 1232 4246; x_wconf 86' lang='lat' dir='ltr'>de</span> <span class='ocrx_word' id='word_1_243' title='bbox 1247 4197 1354 4246; x_wconf 88' lang='lat' dir='ltr'>rernm</span> 
     </span>
     <span class='ocr_line' id='line_1_34' title="bbox 183 4286 1354 4376; baseline -0.006 -15"><span class='ocrx_word' id='word_1_244' title='bbox 183 4291 352 4361; x_wconf 89' lang='lat' dir='ltr'>vocabulis</span> <span class='ocrx_word' id='word_1_245' title='bbox 377 4289 499 4376; x_wconf 79' lang='lat' dir='ltr'>agitur,</span> <span class='ocrx_word' id='word_1_246' title='bbox 523 4307 609 4356; x_wconf 92' lang='lat' dir='ltr'>nnnc</span> <span class='ocrx_word' id='word_1_247' title='bbox 632 4287 775 4371; x_wconf 88' lang='lat' dir='ltr'>omitto);</span> <span class='ocrx_word' id='word_1_248' title='bbox 800 4287 872 4356; x_wconf 89' lang='lat' dir='ltr'>scil.</span> <span class='ocrx_word' id='word_1_249' title='bbox 896 4287 935 4354; x_wconf 89' lang='lat' dir='ltr'>II</span> <span class='ocrx_word' id='word_1_250' title='bbox 957 4286 1059 4366; x_wconf 81' lang='lat' dir='ltr'>praet</span> <span class='ocrx_word' id='word_1_251' title='bbox 1083 4292 1102 4350; x_wconf 83' lang='lat'><strong>3</strong></span> <span class='ocrx_word' id='word_1_252' title='bbox 1126 4290 1250 4357; x_wconf 69' lang='lat' dir='ltr'>caliois</span> <span class='ocrx_word' id='word_1_253' title='bbox 1272 4288 1354 4373; x_wconf 78' lang='lat' dir='ltr'>falce</span> 
     </span>
    </p>
   </div>
   <div class='ocr_carea' id='block_1_9' title="bbox 277 4495 1260 4570">
    <p class='ocr_par' dir='ltr' id='par_1_13' title="bbox 277 4495 1260 4570">
     <span class='ocr_line' id='line_1_35' title="bbox 277 4495 1260 4570; baseline -0.004 -16"><span class='ocrx_word' id='word_1_254' title='bbox 277 4499 298 4570; x_wconf 86' lang='lat'>¹)</span> <span class='ocrx_word' id='word_1_255' title='bbox 317 4498 458 4556; x_wconf 78' lang='lat' dir='ltr'>Ciceronis</span> <span class='ocrx_word' id='word_1_256' title='bbox 476 4513 558 4555; x_wconf 89' lang='lat' dir='ltr'>nsum</span> <span class='ocrx_word' id='word_1_257' title='bbox 576 4497 710 4556; x_wconf 71' lang='lat' dir='ltr'>mactavit</span> <span class='ocrx_word' id='word_1_258' title='bbox 728 4498 797 4555; x_wconf 79' lang='lat' dir='ltr'>Ana</span> <span class='ocrx_word' id='word_1_259' title='bbox 815 4497 844 4554; x_wconf 89' lang='lat' dir='ltr'>in</span> <span class='ocrx_word' id='word_1_260' title='bbox 862 4513 955 4570; x_wconf 78' lang='lat' dir='ltr'>progr.</span> <span class='ocrx_word' id='word_1_261' title='bbox 975 4496 1118 4565; x_wconf 81' lang='lat' dir='ltr'>Quodlinb.</span> <span class='ocrx_word' id='word_1_262' title='bbox 1138 4511 1163 4551; x_wconf 86' lang='lat' dir='ltr'>a.</span> <span class='ocrx_word' id='word_1_263' title='bbox 1184 4495 1260 4551; x_wconf 81' lang='lat'>1884.</span> 
     </span>
    </p>
   </div>
   <div class='ocr_carea' id='block_1_10' title="bbox 0 0 1596 5034">
    <p class='ocr_par' dir='ltr' id='par_1_14' title="bbox 0 0 1596 5034">
     <span class='ocr_line' id='line_1_36' title="bbox 0 0 1596 5034; baseline 0 1"><span class='ocrx_word' id='word_1_264' title='bbox 0 0 1596 5034; x_wconf 95' lang='lat' dir='ltr'> </span> 
     </span>
    </p>
   </div>
  </div>
 </body>
</html>
