3184 5034
693 233 912 291 ..27-

217 414 331 494 cedma,
361 431 479 478 sonam
501 431 576 493 esse,
600 409 702 494 fariis
724 408 881 492 meamque
903 408 1059 490 solutam·
1088 403 1170 472 item
1192 405 1250 474 111
1276 410 1386 504 ld,283

216 516 349 596 12,26;
384 515 424 580 H
448 519 516 596 4,8;
541 512 617 579 aliis
647 511 729 578 locis
761 509 926 578 nonnullis
957 529 1038 592 quos
1069 511 1205 596 collegit
1232 512 1315 579 Keil
1344 512 1388 578 ad

215 623 255 688 H
277 625 341 698 4,3.

306 724 372 792 Sed
395 729 528 792 restant
559 723 623 791 loci
653 743 719 790 non
749 724 847 806 pauci
877 723 994 806 quibus
1025 724 1181 807 asyndeti
1204 724 1255 794 vis
1283 726 1388 792 maior

217 833 264 900 sit
295 852 392 914 quam
424 833 472 900 eis
503 851 584 914 quos
615 830 790 898 attulimus
824 830 905 918 (illis
937 830 1022 897 enim
1053 831 1105 898 vis
1134 835 1209 898 erat
1240 833 1323 898 haec
1350 837 1388 898 ut

219 940 281 1006 duo
314 940 460 1006 membra
490 940 590 1021 plane
618 937 716 1019 aequi
739 937 863 1004 ordinis
892 941 1189 1020 componerentur);
1213 938 1307 1007 velut
1330 940 1389 1005 III

221 1053 293 1130 10,3
317 1048 451 1116 Scilicet
472 1051 540 1134 scre
562 1049 602 1116 iri
629 1069 715 1132 aquo
737 1085 780 1094 —
804 1044 875 1112 scil.
900 1062 1035 1111 anseres
1059 1085 1112 1127 —,
1143 1048 1320 1134 icipcoiar
1350 1049 1389 1115 iri

211 1157 343 1241 flumen
373 1162 431 1222 ocii
457 1155 634 1239 piscinam,
670 1151 739 1235 ubi,
772 1152 801 1218 si
832 1151 1035 1218 sententiam
1066 1157 1264 1234 spectamus,
1298 1151 1388 1234 prior

216 1259 383 1327 enuntiati
404 1278 483 1342 pars
513 1277 579 1325 non
609 1258 711 1324 multo
743 1257 877 1326 diversa
900 1262 954 1325 est
977 1259 1020 1325 ab
1044 1259 1220 1326 enuntiato
1244 1257 1385 1334 causali;

216 1366 496 1444 similitunem
522 1364 672 1453 (Apperes
693 1368 824 1452 famant
846 1368 918 1434 sine
933 1369 1030 1452 fosso,
1055 1389 1105 1434 eos
1121 1368 1253 1452 paidom
1274 1373 1388 1434 vocant

215 1497 325 1542 muros
348 1481 385 1541 ot
406 1475 445 1542 irc
468 1496 545 1560 apro
568 1469 723 1556 Reatino)
748 1473 851 1539 verba
883 1496 1010 1559 oppores
1037 1475 1167 1560 sociaci
1196 1475 1267 1542 sicce
1289 1476 1386 1559 fosso,

217 1599 290 1647 cum
308 1583 409 1645 antea
431 1578 470 1644 de
494 1577 672 1662 aggeribus
696 1577 880 1644 coniunctis
904 1596 977 1643 cum
999 1577 1099 1644 fossis
1123 1577 1306 1659 expositum
1330 1577 1385 1660 sit,

217 1685 303 1752 idom
335 1684 406 1752 fers
434 1683 551 1752 valent
582 1689 684 1764 atque
715 1684 923 1750 enuntiatum
955 1684 1026 1753 sive
1058 1683 1285 1751 condicionale
1316 1683 1388 1751 sive

217 1791 407 1874 relativum,
424 1791 539 1872 utique
554 1789 721 1858 inferioris
734 1790 867 1857 ordinis.
885 1826 925 1848 .-
940 1791 1050 1857 Multa
1067 1789 1226 1859 eiusmodi
1238 1791 1388 1872 exempla

216 1898 293 1967 vide
316 1898 404 1981 apud
426 1898 538 1964 Kiibn.
563 1917 595 1980 p.
623 1903 695 1963 760.

304 2006 324 2071 I
354 2012 394 2069 56
428 2010 510 2071 extr.
538 2006 728 2093 faenisicice
756 2011 942 2078 condantur
968 2008 1083 2076 meiius
1113 2009 1170 2075 sab
1193 2015 1269 2075 tecto
1292 2029 1389 2093 quom

215 2117 254 2184 irc
276 2116 407 2198 scavis,
431 2115 515 2199 qaod
538 2115 584 2180 iia
602 2114 647 2198 pit
669 2115 848 2183 iucundius
862 2117 1028 2202 pedalum.
1074 2115 1129 2181 Eoi
1144 2137 1178 2181 eo
1193 2115 1389 2199 icieiiepiiur

216 2223 300 2306 qood
316 2243 416 2305 pecces
437 2227 572 2304 atroque
589 2222 695 2304 posito
718 2222 869 2290 libentius
891 2230 937 2290 est
959 2219 1128 2286 sententia
1152 2238 1192 2285 ea
1216 2224 1269 2284 est
1292 2217 1390 2283 -id

220 2325 305 2406 quod
328 2343 370 2391 ox
392 2324 474 2408 ipsis
497 2323 608 2392 verbis
631 2343 696 2391 non
720 2324 805 2392 satis
828 2331 946 2409 aperte
969 2326 1078 2392 elucet
1101 2364 1153 2408 -,
1178 2330 1216 2392 ut
1231 2327 1334 2394 verba
1344 2327 1389 2411 pii

217 2435 396 2504 iocundius
416 2434 571 2519 pabulam
593 2431 691 2498 simul
713 2451 772 2515 pro
796 2433 944 2500 subiecto
967 2433 1062 2502 verbi
1084 2436 1281 2521 intellegitur
1304 2429 1388 2497 acci-

217 2539 338 2622 pienda
361 2537 446 2604 sint:
469 2541 667 2626 intellegitur
689 2538 760 2606 scil.
779 2543 938 2626 pabulam
958 2543 1136 2610 iocundius
1154 2542 1244 2626 sieri.

306 2647 360 2712 Ex
383 2645 542 2712 eiusmodi
564 2644 655 2728 locis,
680 2664 815 2727 quorum
838 2646 962 2713 similes
982 2666 1024 2712 ex
1046 2664 1242 2729 unaquaque
1264 2643 1388 2728 pagina

216 2751 317 2820 facile
337 2750 450 2818 afferri
464 2756 613 2835 possunt,
638 2751 722 2818 satis
739 2753 957 2836 cognoscitur,
981 2753 1098 2835 quanti
1121 2751 1278 2818 momenti
1293 2750 1338 2818 sit
1354 2749 1389 2816 in

217 2857 366 2941 qualibet
402 2857 532 2924 dicendi
566 2856 671 2924 forma
705 2859 940 2941 pronuntiandi
973 2860 1009 2926 in
1041 2878 1191 2927 sermone
1221 2858 1389 2926 cotidiano

214 2965 316 3042 ratio;
342 2983 407 3046 qua
431 2963 576 3030 efficitur
599 2969 637 3030 ut
660 2964 714 3032 vel
736 2966 883 3048 paullum
906 2971 1036 3034 mutato
1052 2967 1143 3035 vocis
1159 2969 1299 3032 accentu
1313 2965 1388 3048 plus

216 3071 420 3154 exprimatur
442 3090 540 3152 quam
563 3089 686 3154 magna
709 3071 826 3138 addita
849 3074 1022 3141 verborum
1046 3072 1151 3155 copia.

305 3177 463 3245 Breviter
487 3183 739 3244 commemorato
764 3197 801 3245 eo
818 3179 973 3262 asyndeti
989 3197 1119 3263 genere,
1137 3178 1231 3262 quod,
1247 3181 1286 3244 ut
1302 3177 1388 3260 apud

214 3303 322 3350 rerum
352 3284 560 3367 potissimum
589 3284 768 3367 scriptores
798 3285 891 3352 locus
922 3285 953 3352 ei
983 3289 1037 3353 est
1070 3286 1114 3352 ad
1149 3285 1388 3370 depingendam

214 3389 421 3458 celeritatem
441 3410 507 3473 qua
530 3390 663 3475 singula
687 3410 723 3458 se
746 3393 999 3475 subsequantur,
1024 3391 1072 3460 sic
1095 3393 1183 3476 apud
1204 3393 1388 3464 Varronem

216 3494 252 3561 in
275 3496 322 3562 eis
346 3516 408 3562 rer.
429 3500 511 3563 rust.
529 3497 685 3565 librorum
701 3498 853 3579 partibus
868 3498 1046 3578 invenitur,
1063 3498 1230 3580 inquibus
1246 3497 1389 3579 scriptor

212 3601 285 3684 ipse
302 3621 429 3685 quoque
444 3607 572 3684 narrat,
596 3622 661 3669 non
676 3608 857 3686 praecepta
874 3605 918 3671 ad
933 3605 1007 3688 agni
1023 3605 1186 3671 culturam
1198 3603 1388 3688 spectantia

213 3708 368 3791 exprimit
401 3710 507 3794 (velut
538 3710 597 3775 HI
628 3714 744 3792 5,18:
773 3713 862 3781 venii
888 3715 931 3780 ad
957 3735 1017 3782 cos
1043 3713 1239 3781 Poaicieiocs
1267 3713 1386 3797 Porro,

213 3825 331 3884 correi
360 3819 402 3885 od
431 3819 573 3886 tabulam
589 3869 596 3884 .
615 3868 648 3884 ..
673 3820 833 3903 queam
855 3820 1046 3903 deprensum
1062 3868 1068 3881 .
1087 3870 1094 3885 .
1113 3870 1131 3903 .,
1156 3843 1228 3887 eom
1250 3821 1293 3888 aci
1315 3842 1387 3888 corc-

214 3925 315 3990 solem
344 3931 483 3991 traciam
499 3975 506 3990 .
525 3974 559 3992 ..
590 3924 679 3992 Pavo
708 3926 826 4012 scorpii,
856 3927 940 4010 qood
967 3922 1062 4010 etc.):
1091 3924 1240 3991 suscribo
1270 3924 1386 4007 locum,

212 4045 274 4107 quo
303 4026 354 4095 vis
384 4028 547 4111 asyndeto
569 4028 659 4095 inest
683 4029 896 4114 explicatius,
920 4031 940 4097 I
964 4036 1017 4114 20,
1043 4036 1061 4094 3
1085 4033 1329 4101 Instituendom
1351 4040 1388 4099 oi

211 4135 331 4204 inercie
359 4138 503 4221 primum
529 4138 651 4204 duceni
672 4139 824 4222 pinastro
853 4146 891 4221 ei,
919 4141 949 4206 si
974 4140 1092 4224 possis,
1123 4162 1181 4224 per
1202 4140 1308 4206 vicem
1330 4145 1388 4206 coi

211 4242 379 4326 oppidum:
408 4245 513 4310 creber
540 4244 679 4328 crepitus
709 4266 747 4312 oc
769 4247 908 4312 roricios
930 4267 1040 4312 reram
1063 4245 1291 4313 consuetudine
1314 4245 1386 4311 ceie-

209 4349 348 4417 terrimo
370 4349 413 4416 od
437 4350 609 4418 utilitatem
631 4351 770 4419 adducit
808 4347 902 4434 Quod
924 4367 1029 4434 genus
1052 4354 1090 4416 ut
1113 4369 1178 4417 nou
1199 4367 1275 4414 raro
1298 4348 1388 4432 apud

209 4451 395 4522 Varronem
411 4452 460 4522 sic
475 4453 563 4537 apud
579 4454 663 4523 alios
677 4454 857 4539 scriptores
872 4474 974 4538 saepe
985 4455 1127 4526 inveniri
1138 4456 1236 4524 docet
1247 4456 1387 4524 Kiibner
