3184 5034
686 184 907 242 ...24-

209 356 464 443 praepositionis
480 374 574 424 nsum
589 355 818 423 memorabiles
835 354 1014 439 diligenter
1029 354 1175 439 collegit,
1199 355 1259 421 sed
1281 354 1385 421 etiam

211 464 335 532 Sitnlor
350 463 383 529 in
401 461 679 529 commentatione
694 462 735 529 ds
751 480 888 528 casuum
903 479 965 528 usu
981 462 1078 532 Varr.
1098 461 1206 526 obiter
1223 461 1385 541 quaedam

212 570 341 655 tetigit,
365 587 473 651 pauca
496 572 629 635 tantum
652 587 737 635 nnnc
761 568 889 634 addam.

302 677 344 742 In
368 680 547 758 conspectu
569 675 849 758 praepositionum
873 673 1127 757 compositarum
1145 673 1298 741 Schmalz
1315 673 1385 757 (Sy.

212 787 232 866 ς
251 785 358 862 152,2)
383 781 494 847 omisit
518 801 591 849 eam
614 801 644 862 q.
662 799 690 847 o.
714 784 906 851 incircum
929 781 973 862 (V
995 787 1034 844 25
1059 783 1090 848 A
1109 785 1215 866 puteis
1238 784 1387 868 oppidum

211 899 249 959 ut
270 891 400 958 Puteoli
430 891 514 969 cccc
536 890 697 958 incircum
720 911 792 957 cum
815 889 919 956 locum
941 911 1043 974 aquae
1065 891 1205 976 sulpiciae
1228 896 1257 956 et
1280 889 1387 957 codice

213 995 355 1080 multae),
389 1012 474 1075 quac
500 998 677 1077 praeterea
704 1012 769 1060 non
796 991 938 1060 inveniri
965 992 1098 1060 videtur
1125 996 1259 1075 praetor
1288 1011 1387 1060 unum

213 1101 418 1185 digestorum
448 1100 556 1167 locum
587 1118 627 1166 oc
654 1118 696 1166 ne
724 1117 798 1165 eum
830 1099 959 1180 quidam
990 1099 1171 1182 integrum
1204 1098 1261 1165 cfr.
1284 1099 1388 1166 Hand

214 1208 309 1274 Turs.
334 1226 360 1275 s.
385 1225 416 1275 v.

302 1314 355 1380 De
371 1311 616 1396 praepositione
631 1315 722 1384 cd—
734 1337 854 1399 casca,
872 1331 956 1393 quae
973 1312 1067 1380 deest
1084 1311 1171 1395 apud
1186 1309 1385 1396 Ciceronem,

215 1419 360 1492 Varroni
384 1418 562 1486 communis
585 1424 639 1488 est
663 1439 735 1487 cnm
759 1419 920 1488 Sallustio
944 1423 979 1485 et
1002 1418 1090 1486 Belli
1112 1417 1223 1486 Africi
1252 1421 1387 1485 auctore

214 1526 288 1614 (cfr.
313 1525 474 1593 Wolfflin.
499 1524 601 1594 Arch.
626 1527 680 1597 VI
704 1527 769 1612 99),
794 1526 869 1596 vide
892 1525 982 1592 Keil.
1002 1526 1045 1592 ad
1067 1527 1176 1607 112,1
1203 1525 1253 1612 (et
1275 1526 1295 1592 Ι
1319 1524 1386 1610 26).

214 1633 264 1702 Ut
286 1632 346 1701 ΠΙ
370 1637 421 1708 5‚d
451 1632 576 1717 legitur
598 1637 637 1702 ia
659 1656 775 1722 aprum
803 1656 927 1717 casus,
959 1631 1008 1698 sic
1035 1636 1073 1702 io
1101 1655 1252 1702 cacumen
1279 1654 1389 1700 ocreas

215 1740 350 1822 V1153
383 1738 537 1806 similiter
559 1740 613 1810 VI
637 1747 655 1804 8
687 1743 730 1810 cd
759 1763 819 1810 cos
849 1761 995 1823 cerrum·
1024 1742 1143 1805 contra
1166 1737 1238 1808 VH
1261 1742 1300 1801 41
1334 1739 1388 1806 cd·

216 1869 329 1916 verace
352 1869 432 1916 caca

696 2024 909 2034 m

439 2251 481 2342 B.
507 2250 570 2342 De
600 2252 863 2344 enuntiatis
892 2249 1170 2369 compositis.

309 2429 500 2497 Ennntiata
524 2429 705 2513 composita
729 2449 800 2496 oum
825 2434 884 2496 ant
901 2432 1055 2496 constent
1071 2428 1280 2512 expertibus
1296 2427 1392 2510 aequi

220 2534 356 2611 ordinis,
381 2540 442 2602 aut
465 2535 517 2602 ita
541 2535 609 2603 sint
626 2537 828 2620 comparata,
853 2539 891 2603 ut
907 2536 1017 2602 altera
1032 2553 1110 2619 pars
1126 2535 1226 2602 alteri
1242 2534 1392 2601 subiecta

219 2641 274 2724 sit,
298 2641 365 2708 iam
389 2641 432 2708 ad
456 2642 632 2710 enuntiata
654 2643 749 2710 iuxta
771 2642 882 2726 posita
905 2643 1072 2710 accedam.

715 3049 844 3134 Oaput
865 3051 894 3118 Ι.

532 3173 588 3242 De
612 3172 819 3243 enuntiatis
844 3171 1088 3244 coordinatis.

313 3330 438 3398 Potero
451 3337 563 3399 autem
576 3333 661 3401 satis
673 3334 796 3400 habere
809 3333 849 3399 de
862 3351 902 3400 ea
915 3332 1173 3401 coordinationis
1181 3332 1397 3422 formarerba

221 3436 353 3523 fecisse,
377 3437 412 3504 in
435 3457 501 3520 qua
524 3440 568 3506 ad
591 3440 693 3508 verba
708 3439 875 3524 iungenda
892 3439 1034 3522 scriptor
1048 3438 1223 3523 particulis
1239 3459 1304 3506 non
1319 3458 1397 3522 usus

223 3548 286 3621 est,
312 3544 465 3627 quoniam
487 3545 522 3612 in
544 3545 783 3629 particularum
805 3565 868 3613 usu
891 3545 1145 3631 diligentissime
1166 3550 1323 3614 versatus
1345 3549 1398 3614 est

222 3650 268 3718 Η.
293 3650 412 3762 Reitor
436 3649 618 3740 (Quaestt.
642 3654 741 3727 Varr.
766 3650 938 3738 gramm’).
984 3653 1105 3721 Dicam
1127 3652 1231 3738 igitur
1252 3652 1287 3718 in

807 3851 858 3910 21.

495 3950 540 4018 de
564 3850 847 4036 asyndeti§usu
868 3952 1125 4024 Varroniano.

315 4075 522 4162 Quamquam
549 4076 612 4143 hoc
639 4076 710 4142 loco
739 4074 780 4142 da
808 4075 992 4144 enuntiatis
1019 4080 1152 4145 tantum
1181 4096 1282 4162 agere
1304 4076 1398 4145 nobis

223 4181 462 4266 proposuimus,
486 4185 608 4262 tamen,
633 4201 675 4250 ne
691 4182 813 4250 similia
834 4202 855 4249 a
879 4183 1040 4250 similibus
1063 4183 1160 4250 nimis
1184 4184 1398 4267 divellantur,

225 4289 327 4355 etiam
356 4288 397 4355 do
426 4287 538 4358 verbis
565 4287 705 4372 singulis
733 4288 804 4355 sine
834 4289 1062 4357 coniunctione
1090 4289 1280 4372 copulativa
1303 4290 1399 4356 iuxta

224 4394 346 4477 positis
369 4395 517 4463 breviter
540 4413 625 4478 qnae
649 4393 788 4464 dicenda
812 4399 890 4463 sunt
913 4396 1124 4479 proferemus.
