<?xml version="1.0" encoding="UTF-8"?>
<!DOCTYPE html PUBLIC "-//W3C//DTD XHTML 1.0 Transitional//EN"
    "http://www.w3.org/TR/xhtml1/DTD/xhtml1-transitional.dtd">
<html xmlns="http://www.w3.org/1999/xhtml" xml:lang="en" lang="en">
 <head>
  <title>
</title>
<meta http-equiv="Content-Type" content="text/html;charset=utf-8" />
  <meta name='ocr-system' content='tesseract 3.04.00' />
  <meta name='ocr-capabilities' content='ocr_page ocr_carea ocr_par ocr_line ocrx_word'/>
</head>
<body>
  <div class='ocr_page' id='page_1' title='image "./devarronianoscr00krumgoog_0038.png"; bbox 0 0 3184 5034; ppageno 0'>
   <div class='ocr_carea' id='block_1_1' title="bbox 696 253 915 314">
    <p class='ocr_par' dir='ltr' id='par_1_1' title="bbox 696 253 915 314">
     <span class='ocr_line' id='line_1_1' title="bbox 696 253 915 314; baseline -0.009 -12"><span class='ocrx_word' id='word_1_1' title='bbox 696 253 915 314; x_wconf 77' lang='grc'>...33-</span> 
     </span>
    </p>
   </div>
   <div class='ocr_carea' id='block_1_2' title="bbox 213 429 1395 2110">
    <p class='ocr_par' dir='ltr' id='par_1_2' title="bbox 213 429 1390 618">
     <span class='ocr_line' id='line_1_2' title="bbox 302 429 1390 515; baseline 0.002 -19"><span class='ocrx_word' id='word_1_2' title='bbox 302 431 449 496; x_wconf 86' lang='lat' dir='ltr'><strong>scribor</strong></span> <span class='ocrx_word' id='word_1_3' title='bbox 471 429 504 496; x_wconf 98' lang='lat' dir='ltr'><strong>V</strong></span> <span class='ocrx_word' id='word_1_4' title='bbox 528 429 771 509; x_wconf 72' lang='lat' dir='ltr'><strong>cetariorum</strong></span> <span class='ocrx_word' id='word_1_5' title='bbox 795 432 946 515; x_wconf 82' lang='lat' dir='ltr'><strong>oppidum</strong></span> <span class='ocrx_word' id='word_1_6' title='bbox 967 432 1007 497; x_wconf 90' lang='lat' dir='ltr'><strong>iu</strong></span> <span class='ocrx_word' id='word_1_7' title='bbox 1027 431 1087 496; x_wconf 83' lang='lat' dir='ltr'><strong>hac</strong></span> <span class='ocrx_word' id='word_1_8' title='bbox 1108 431 1212 515; x_wconf 81' lang='lat' dir='ltr'><strong>fuisse</strong></span> <span class='ocrx_word' id='word_1_9' title='bbox 1230 429 1390 498; x_wconf 76' lang='lat' dir='ltr'><strong>Saturuia</strong></span> 
     </span>
     <span class='ocr_line' id='line_1_3' title="bbox 213 533 1292 618; baseline -0.004 -14"><span class='ocrx_word' id='word_1_10' title='bbox 213 537 366 604; x_wconf 79' lang='lat' dir='ltr'><strong>suibitur</strong></span> <span class='ocrx_word' id='word_1_11' title='bbox 391 533 451 618; x_wconf 90' lang='lat' dir='ltr'><strong>[sic</strong></span> <span class='ocrx_word' id='word_1_12' title='bbox 473 533 563 611; x_wconf 84' lang='lat' dir='ltr'><strong>libri3</strong></span> <span class='ocrx_word' id='word_1_13' title='bbox 588 537 627 604; x_wconf 91' lang='lat' dir='ltr'><strong>iu</strong></span> <span class='ocrx_word' id='word_1_14' title='bbox 648 536 706 603; x_wconf 81' lang='lat' dir='ltr'><strong>hoc</strong></span> <span class='ocrx_word' id='word_1_15' title='bbox 722 587 729 603; x_wconf 91' lang='lat'><strong>.</strong></span> <span class='ocrx_word' id='word_1_16' title='bbox 748 587 779 603; x_wconf 93' lang='lat'><strong>..</strong></span> <span class='ocrx_word' id='word_1_17' title='bbox 802 536 995 604; x_wconf 71' lang='lat' dir='ltr'><strong><em>Saturniam</em></strong></span> <span class='ocrx_word' id='word_1_18' title='bbox 1012 587 1045 603; x_wconf 91' lang='lat'><strong>..</strong></span> <span class='ocrx_word' id='word_1_19' title='bbox 1070 534 1101 599; x_wconf 93' lang='lat' dir='ltr'><strong>B</strong></span> <span class='ocrx_word' id='word_1_20' title='bbox 1124 539 1159 600; x_wconf 89' lang='lat' dir='ltr'><strong>et</strong></span> <span class='ocrx_word' id='word_1_21' title='bbox 1183 535 1292 618; x_wconf 60' lang='lat' dir='ltr'><strong>vulgi.</strong></span> 
     </span>
    </p>

    <p class='ocr_par' dir='ltr' id='par_1_3' title="bbox 213 641 1391 832">
     <span class='ocr_line' id='line_1_4' title="bbox 302 641 1391 729; baseline 0.002 -20"><span class='ocrx_word' id='word_1_22' title='bbox 302 643 595 710; x_wconf 86' lang='lat' dir='ltr'><strong>auimaalrertor</strong></span> <span class='ocrx_word' id='word_1_23' title='bbox 616 641 675 706; x_wconf 83' lang='lat'><strong>111</strong></span> <span class='ocrx_word' id='word_1_24' title='bbox 698 645 792 723; x_wconf 82' lang='lat'>16‚30</span> <span class='ocrx_word' id='word_1_25' title='bbox 817 666 839 711; x_wconf 93' lang='lat' dir='ltr'><strong>a</strong></span> <span class='ocrx_word' id='word_1_26' title='bbox 859 644 1003 711; x_wconf 88' lang='lat' dir='ltr'><strong>mellaria</strong></span> <span class='ocrx_word' id='word_1_27' title='bbox 1028 665 1100 710; x_wconf 89' lang='lat' dir='ltr'><strong>cum</strong></span> <span class='ocrx_word' id='word_1_28' title='bbox 1121 644 1157 710; x_wconf 77' lang='lat' dir='ltr'><strong>iel</strong></span> <span class='ocrx_word' id='word_1_29' title='bbox 1178 646 1290 729; x_wconf 80' lang='lat' dir='ltr'><strong>fecisse</strong></span> <span class='ocrx_word' id='word_1_30' title='bbox 1313 652 1391 714; x_wconf 85' lang='lat' dir='ltr'><strong>suut</strong></span> 
     </span>
     <span class='ocr_line' id='line_1_5' title="bbox 213 746 911 832; baseline -0.009 -15"><span class='ocrx_word' id='word_1_31' title='bbox 213 751 478 832; x_wconf 62' lang='lat' dir='ltr'><strong>ammadversum·</strong></span> <span class='ocrx_word' id='word_1_32' title='bbox 500 746 582 813; x_wconf 91' lang='lat' dir='ltr'><strong>item</strong></span> <span class='ocrx_word' id='word_1_33' title='bbox 605 748 658 818; x_wconf 94' lang='lat' dir='ltr'><strong>VI</strong></span> <span class='ocrx_word' id='word_1_34' title='bbox 681 753 739 830; x_wconf 84' lang='lat'><strong>353</strong></span> <span class='ocrx_word' id='word_1_35' title='bbox 763 749 835 819; x_wconf 88' lang='lat' dir='ltr'><strong>VH</strong></span> <span class='ocrx_word' id='word_1_36' title='bbox 860 754 911 812; x_wconf 80' lang='lat'><strong>73.</strong></span> 
     </span>
    </p>

    <p class='ocr_par' dir='ltr' id='par_1_4' title="bbox 216 852 1395 2110">
     <span class='ocr_line' id='line_1_6' title="bbox 305 852 1391 936; baseline 0.002 -16"><span class='ocrx_word' id='word_1_37' title='bbox 305 853 532 921; x_wconf 81' lang='lat' dir='ltr'><strong>Accusativus</strong></span> <span class='ocrx_word' id='word_1_38' title='bbox 556 872 584 919; x_wconf 91' lang='lat' dir='ltr'><strong>c.</strong></span> <span class='ocrx_word' id='word_1_39' title='bbox 600 852 657 920; x_wconf 84' lang='lat' dir='ltr'><strong>ini.</strong></span> <span class='ocrx_word' id='word_1_40' title='bbox 674 873 906 936; x_wconf 83' lang='lat' dir='ltr'><strong>nonnunquam</strong></span> <span class='ocrx_word' id='word_1_41' title='bbox 929 854 1032 921; x_wconf 87' lang='lat' dir='ltr'><strong>etium</strong></span> <span class='ocrx_word' id='word_1_42' title='bbox 1056 860 1125 921; x_wconf 91' lang='lat' dir='ltr'><strong>tum</strong></span> <span class='ocrx_word' id='word_1_43' title='bbox 1145 854 1303 921; x_wconf 81' lang='lat' dir='ltr'><strong>scribitur</strong></span> <span class='ocrx_word' id='word_1_44' title='bbox 1318 873 1391 922; x_wconf 90' lang='lat' dir='ltr'><strong>cum</strong></span> 
     </span>
     <span class='ocr_line' id='line_1_7' title="bbox 216 960 1390 1046; baseline -0.001 -17"><span class='ocrx_word' id='word_1_45' title='bbox 216 963 353 1031; x_wconf 81' lang='lat' dir='ltr'><strong>verbum</strong></span> <span class='ocrx_word' id='word_1_46' title='bbox 377 960 521 1043; x_wconf 86' lang='lat' dir='ltr'><strong>dicendi,</strong></span> <span class='ocrx_word' id='word_1_47' title='bbox 552 960 638 1040; x_wconf 86' lang='lat' dir='ltr'><strong>quod</strong></span> <span class='ocrx_word' id='word_1_48' title='bbox 660 980 762 1028; x_wconf 80' lang='lat' dir='ltr'><strong>causa</strong></span> <span class='ocrx_word' id='word_1_49' title='bbox 784 961 850 1028; x_wconf 84' lang='lat' dir='ltr'><strong>fuit</strong></span> <span class='ocrx_word' id='word_1_50' title='bbox 873 966 911 1028; x_wconf 89' lang='lat' dir='ltr'><strong>ut</strong></span> <span class='ocrx_word' id='word_1_51' title='bbox 934 980 1043 1028; x_wconf 79' lang='lat' dir='ltr'><strong>accus.</strong></span> <span class='ocrx_word' id='word_1_52' title='bbox 1068 980 1096 1027; x_wconf 93' lang='lat' dir='ltr'><strong>c.</strong></span> <span class='ocrx_word' id='word_1_53' title='bbox 1120 961 1178 1028; x_wconf 87' lang='lat' dir='ltr'><strong>inf.</strong></span> <span class='ocrx_word' id='word_1_54' title='bbox 1203 965 1390 1046; x_wconf 79' lang='lat' dir='ltr'><strong>poneretur,</strong></span> 
     </span>
     <span class='ocr_line' id='line_1_8' title="bbox 216 1066 1392 1152; baseline 0 -18"><span class='ocrx_word' id='word_1_55' title='bbox 216 1067 252 1134; x_wconf 86' lang='lat' dir='ltr'><strong>in</strong></span> <span class='ocrx_word' id='word_1_56' title='bbox 280 1067 454 1134; x_wconf 80' lang='lat' dir='ltr'><strong>enuntiato</strong></span> <span class='ocrx_word' id='word_1_57' title='bbox 485 1066 687 1133; x_wconf 82' lang='lat' dir='ltr'><strong>intercalato</strong></span> <span class='ocrx_word' id='word_1_58' title='bbox 718 1067 851 1152; x_wconf 78' lang='lat' dir='ltr'><strong>legitur.</strong></span> <span class='ocrx_word' id='word_1_59' title='bbox 898 1069 1019 1150; x_wconf 84' lang='lat' dir='ltr'><strong>Itaque</strong></span> <span class='ocrx_word' id='word_1_60' title='bbox 1051 1086 1123 1135; x_wconf 91' lang='lat' dir='ltr'><strong>cum</strong></span> <span class='ocrx_word' id='word_1_61' title='bbox 1154 1067 1219 1134; x_wconf 88' lang='lat' dir='ltr'><strong>dici</strong></span> <span class='ocrx_word' id='word_1_62' title='bbox 1245 1068 1392 1151; x_wconf 89' lang='lat' dir='ltr'><strong>potuerit</strong></span> 
     </span>
     <span class='ocr_line' id='line_1_9' title="bbox 220 1173 1391 1258; baseline -0.002 -15"><span class='ocrx_word' id='word_1_63' title='bbox 220 1179 280 1243; x_wconf 85' lang='lat' dir='ltr'><strong>aut</strong></span> <span class='ocrx_word' id='word_1_64' title='bbox 307 1175 374 1251; x_wconf 74' lang='lat' dir='ltr'><strong>„Te</strong></span> <span class='ocrx_word' id='word_1_65' title='bbox 398 1174 495 1242; x_wconf 85' lang='lat' dir='ltr'><strong>audio</strong></span> <span class='ocrx_word' id='word_1_66' title='bbox 519 1173 628 1241; x_wconf 87' lang='lat' dir='ltr'><strong>dicere</strong></span> <span class='ocrx_word' id='word_1_67' title='bbox 654 1179 690 1240; x_wconf 87' lang='lat' dir='ltr'><strong>te</strong></span> <span class='ocrx_word' id='word_1_68' title='bbox 717 1175 860 1243; x_wconf 60' lang='lat' dir='ltr'><strong>vidisses</strong></span> <span class='ocrx_word' id='word_1_69' title='bbox 887 1179 948 1242; x_wconf 85' lang='lat' dir='ltr'><strong>sut</strong></span> <span class='ocrx_word' id='word_1_70' title='bbox 974 1174 1134 1258; x_wconf 52' lang='lat' dir='ltr'><strong>„Vidisti</strong></span> <span class='ocrx_word' id='word_1_71' title='bbox 1163 1180 1202 1241; x_wconf 91' lang='lat' dir='ltr'><strong>ut</strong></span> <span class='ocrx_word' id='word_1_72' title='bbox 1229 1179 1265 1242; x_wconf 87' lang='lat' dir='ltr'><strong>te</strong></span> <span class='ocrx_word' id='word_1_73' title='bbox 1293 1175 1391 1242; x_wconf 85' lang='lat' dir='ltr'><strong>sudio</strong></span> 
     </span>
     <span class='ocr_line' id='line_1_10' title="bbox 219 1279 1392 1364; baseline 0.002 -17"><span class='ocrx_word' id='word_1_74' title='bbox 219 1281 359 1364; x_wconf 88' lang='lat' dir='ltr'><strong>dicere“,</strong></span> <span class='ocrx_word' id='word_1_75' title='bbox 385 1279 527 1363; x_wconf 77' lang='lat' dir='ltr'><strong>scriptor</strong></span> <span class='ocrx_word' id='word_1_76' title='bbox 550 1281 727 1348; x_wconf 82' lang='lat' dir='ltr'><strong>commixta</strong></span> <span class='ocrx_word' id='word_1_77' title='bbox 749 1285 892 1364; x_wconf 87' lang='lat' dir='ltr'><strong>utroque</strong></span> <span class='ocrx_word' id='word_1_78' title='bbox 916 1285 1086 1348; x_wconf 78' lang='lat' dir='ltr'><strong>structura</strong></span> <span class='ocrx_word' id='word_1_79' title='bbox 1109 1282 1172 1348; x_wconf 87' lang='lat' dir='ltr'><strong>huc</strong></span> <span class='ocrx_word' id='word_1_80' title='bbox 1192 1280 1298 1347; x_wconf 84' lang='lat' dir='ltr'><strong>forma</strong></span> <span class='ocrx_word' id='word_1_81' title='bbox 1313 1301 1392 1349; x_wconf 90' lang='lat' dir='ltr'><strong>usus</strong></span> 
     </span>
     <span class='ocr_line' id='line_1_11' title="bbox 218 1386 1394 1475; baseline 0 -21"><span class='ocrx_word' id='word_1_82' title='bbox 218 1392 271 1454; x_wconf 87' lang='lat' dir='ltr'><strong>est</strong></span> <span class='ocrx_word' id='word_1_83' title='bbox 299 1390 342 1457; x_wconf 86' lang='lat' dir='ltr'><strong>Ut</strong></span> <span class='ocrx_word' id='word_1_84' title='bbox 364 1396 393 1456; x_wconf 86' lang='lat' dir='ltr'><strong>te</strong></span> <span class='ocrx_word' id='word_1_85' title='bbox 415 1391 513 1458; x_wconf 79' lang='lat' dir='ltr'><strong>audio</strong></span> <span class='ocrx_word' id='word_1_86' title='bbox 536 1391 663 1458; x_wconf 83' lang='lat' dir='ltr'><strong>elicere.</strong></span> <span class='ocrx_word' id='word_1_87' title='bbox 682 1441 688 1457; x_wconf 92' lang='lat'>.</span> <span class='ocrx_word' id='word_1_88' title='bbox 707 1441 715 1457; x_wconf 89' lang='lat'><strong>.</strong></span> <span class='ocrx_word' id='word_1_89' title='bbox 732 1397 761 1457; x_wconf 86' lang='lat' dir='ltr'><strong>te</strong></span> <span class='ocrx_word' id='word_1_90' title='bbox 782 1391 899 1458; x_wconf 73' lang='lat' dir='ltr'><strong>ulisse</strong></span> <span class='ocrx_word' id='word_1_91' title='bbox 922 1394 986 1454; x_wconf 90' lang='lat' dir='ltr'><strong>etc.</strong></span> <span class='ocrx_word' id='word_1_92' title='bbox 1012 1386 1185 1475; x_wconf 85' lang='lat' dir='ltr'><strong>(111o,s).</strong></span> <span class='ocrx_word' id='word_1_93' title='bbox 1232 1387 1394 1457; x_wconf 76' lang='lat' dir='ltr'><strong>Similiter</strong></span> 
     </span>
     <span class='ocr_line' id='line_1_12' title="bbox 217 1494 1392 1582; baseline 0.004 -22"><span class='ocrx_word' id='word_1_94' title='bbox 217 1494 277 1560; x_wconf 91' lang='lat' dir='ltr'><strong>III</strong></span> <span class='ocrx_word' id='word_1_95' title='bbox 301 1499 352 1576; x_wconf 87' lang='lat'><strong>6,6</strong></span> <span class='ocrx_word' id='word_1_96' title='bbox 379 1500 462 1560; x_wconf 86' lang='lat' dir='ltr'><strong>extr.</strong></span> <span class='ocrx_word' id='word_1_97' title='bbox 495 1497 595 1576; x_wconf 79' lang='lat' dir='ltr'><strong>Quem</strong></span> <span class='ocrx_word' id='word_1_98' title='bbox 618 1497 678 1564; x_wconf 81' lang='lat' dir='ltr'><strong>cito</strong></span> <span class='ocrx_word' id='word_1_99' title='bbox 701 1499 800 1564; x_wconf 86' lang='lat' dir='ltr'><strong>secuti</strong></span> <span class='ocrx_word' id='word_1_100' title='bbox 821 1498 917 1564; x_wconf 86' lang='lat' dir='ltr'><strong>multi</strong></span> <span class='ocrx_word' id='word_1_101' title='bbox 940 1497 1125 1564; x_wconf 71' lang='lat' dir='ltr'><strong>extulerunt</strong></span> <span class='ocrx_word' id='word_1_102' title='bbox 1148 1518 1258 1563; x_wconf 89' lang='lat' dir='ltr'><strong>eorum</strong></span> <span class='ocrx_word' id='word_1_103' title='bbox 1273 1498 1392 1582; x_wconf 85' lang='lat' dir='ltr'><strong>pretia,</strong></span> 
     </span>
     <span class='ocr_line' id='line_1_13' title="bbox 219 1604 1392 1689; baseline 0.003 -20"><span class='ocrx_word' id='word_1_104' title='bbox 219 1604 266 1669; x_wconf 83' lang='lat' dir='ltr'><strong>iia</strong></span> <span class='ocrx_word' id='word_1_105' title='bbox 292 1609 330 1669; x_wconf 88' lang='lat' dir='ltr'><strong>ut</strong></span> <span class='ocrx_word' id='word_1_106' title='bbox 357 1624 415 1669; x_wconf 90' lang='lat' dir='ltr'><strong>oua</strong></span> <span class='ocrx_word' id='word_1_107' title='bbox 438 1623 547 1669; x_wconf 88' lang='lat' dir='ltr'><strong>corum</strong></span> <span class='ocrx_word' id='word_1_108' title='bbox 568 1604 715 1670; x_wconf 80' lang='lat' dir='ltr'><strong>usuariis</strong></span> <span class='ocrx_word' id='word_1_109' title='bbox 737 1610 874 1672; x_wconf 86' lang='lat' dir='ltr'><strong>vcueaut</strong></span> <span class='ocrx_word' id='word_1_110' title='bbox 893 1604 1018 1688; x_wconf 79' lang='lat' dir='ltr'><strong>quiuis,</strong></span> <span class='ocrx_word' id='word_1_111' title='bbox 1042 1604 1107 1688; x_wconf 79' lang='lat' dir='ltr'><strong>ipsi</strong></span> <span class='ocrx_word' id='word_1_112' title='bbox 1121 1604 1217 1689; x_wconf 82' lang='lat' dir='ltr'><strong>facile</strong></span> <span class='ocrx_word' id='word_1_113' title='bbox 1232 1606 1392 1688; x_wconf 77' lang='lat' dir='ltr'><strong>quiuqua-</strong></span> 
     </span>
     <span class='ocr_line' id='line_1_14' title="bbox 216 1711 1395 1796; baseline 0.002 -20"><span class='ocrx_word' id='word_1_114' title='bbox 216 1711 323 1794; x_wconf 81' lang='lat' dir='ltr'><strong>pcuis‚</strong></span> <span class='ocrx_word' id='word_1_115' title='bbox 361 1731 443 1795; x_wconf 78' lang='lat' dir='ltr'><strong>prou</strong></span> <span class='ocrx_word' id='word_1_116' title='bbox 481 1711 688 1777; x_wconf 84' lang='lat' dir='ltr'><strong>ceutcuarius</strong></span> <span class='ocrx_word' id='word_1_117' title='bbox 716 1712 813 1796; x_wconf 79' lang='lat' dir='ltr'><strong>facile</strong></span> <span class='ocrx_word' id='word_1_118' title='bbox 841 1711 1048 1795; x_wconf 80' lang='lat' dir='ltr'><strong>quadrapeuu</strong></span> <span class='ocrx_word' id='word_1_119' title='bbox 1073 1711 1169 1777; x_wconf 86' lang='lat' dir='ltr'><strong>milia</strong></span> <span class='ocrx_word' id='word_1_120' title='bbox 1190 1711 1336 1778; x_wconf 80' lang='lat' dir='ltr'><strong>sestertia</strong></span> <span class='ocrx_word' id='word_1_121' title='bbox 1358 1718 1395 1778; x_wconf 87' lang='lat' dir='ltr'><strong>ut</strong></span> 
     </span>
     <span class='ocr_line' id='line_1_15' title="bbox 218 1817 1393 1903; baseline 0.003 -21"><span class='ocrx_word' id='word_1_122' title='bbox 218 1817 342 1900; x_wconf 78' lang='lat' dir='ltr'><strong>recidat,</strong></span> <span class='ocrx_word' id='word_1_123' title='bbox 371 1822 409 1883; x_wconf 88' lang='lat' dir='ltr'><strong>ul</strong></span> <span class='ocrx_word' id='word_1_124' title='bbox 435 1817 744 1896; x_wconf 59' lang='lat' dir='ltr'><strong>taurustaurus</strong></span> <span class='ocrx_word' id='word_1_125' title='bbox 771 1819 887 1900; x_wconf 87' lang='lat' dir='ltr'><strong>aicbat,</strong></span> <span class='ocrx_word' id='word_1_126' title='bbox 916 1817 946 1883; x_wconf 85' lang='lat' dir='ltr'><strong>si</strong></span> <span class='ocrx_word' id='word_1_127' title='bbox 968 1817 1008 1882; x_wconf 88' lang='lat' dir='ltr'><strong>iu</strong></span> <span class='ocrx_word' id='word_1_128' title='bbox 1030 1817 1174 1903; x_wconf 79' lang='lat' dir='ltr'><strong>simpulos</strong></span> <span class='ocrx_word' id='word_1_129' title='bbox 1197 1824 1305 1885; x_wconf 82' lang='lat' dir='ltr'><strong>terreos</strong></span> <span class='ocrx_word' id='word_1_130' title='bbox 1328 1818 1393 1886; x_wconf 86' lang='lat' dir='ltr'><strong>eui·</strong></span> 
     </span>
     <span class='ocr_line' id='line_1_16' title="bbox 217 1920 1394 2011; baseline -0.003 -21"><span class='ocrx_word' id='word_1_131' title='bbox 217 1930 303 2009; x_wconf 82' lang='lat' dir='ltr'><strong>peret</strong></span> <span class='ocrx_word' id='word_1_132' title='bbox 329 1923 452 2006; x_wconf 78' lang='lat' dir='ltr'><strong>pullos,</strong></span> <span class='ocrx_word' id='word_1_133' title='bbox 485 1924 605 2009; x_wconf 86' lang='lat' dir='ltr'><strong>perfici</strong></span> <span class='ocrx_word' id='word_1_134' title='bbox 634 1946 793 2011; x_wconf 79' lang='lat' dir='ltr'><strong>serapeum</strong></span> <span class='ocrx_word' id='word_1_135' title='bbox 823 1945 932 2009; x_wconf 67' lang='lat' dir='ltr'><strong>possa·</strong></span> <span class='ocrx_word' id='word_1_136' title='bbox 968 1939 1063 2002; x_wconf 85' lang='lat' dir='ltr'><strong>quem</strong></span> <span class='ocrx_word' id='word_1_137' title='bbox 1097 1920 1203 1986; x_wconf 93' lang='lat' dir='ltr'><strong>locum</strong></span> <span class='ocrx_word' id='word_1_138' title='bbox 1234 1921 1394 2004; x_wconf 85' lang='lat' dir='ltr'><strong>exscripsi</strong></span> 
     </span>
     <span class='ocr_line' id='line_1_17' title="bbox 220 2026 1394 2110; baseline 0.003 -18"><span class='ocrx_word' id='word_1_139' title='bbox 220 2026 306 2108; x_wconf 87' lang='lat' dir='ltr'><strong>quod</strong></span> <span class='ocrx_word' id='word_1_140' title='bbox 332 2032 469 2110; x_wconf 89' lang='lat' dir='ltr'><strong>propter</strong></span> <span class='ocrx_word' id='word_1_141' title='bbox 490 2046 522 2096; x_wconf 82' lang='lat' dir='ltr'><strong>v.</strong></span> <span class='ocrx_word' id='word_1_142' title='bbox 547 2039 585 2099; x_wconf 86' lang='lat' dir='ltr'><strong>ut</strong></span> <span class='ocrx_word' id='word_1_143' title='bbox 606 2082 613 2098; x_wconf 94' lang='lat'><strong>.</strong></span> <span class='ocrx_word' id='word_1_144' title='bbox 636 2076 643 2092; x_wconf 85' lang='lat'><strong><em>.</em></strong></span> <span class='ocrx_word' id='word_1_145' title='bbox 664 2031 767 2099; x_wconf 76' lang='lat' dir='ltr'><strong>aaut</strong></span> <span class='ocrx_word' id='word_1_146' title='bbox 788 2027 972 2095; x_wconf 87' lang='lat' dir='ltr'><strong>infinitivus</strong></span> <span class='ocrx_word' id='word_1_147' title='bbox 999 2027 1128 2110; x_wconf 89' lang='lat' dir='ltr'><strong>positus</strong></span> <span class='ocrx_word' id='word_1_148' title='bbox 1152 2031 1205 2094; x_wconf 92' lang='lat' dir='ltr'><strong>est</strong></span> <span class='ocrx_word' id='word_1_149' title='bbox 1232 2046 1291 2110; x_wconf 91' lang='lat' dir='ltr'><strong>pro</strong></span> <span class='ocrx_word' id='word_1_150' title='bbox 1319 2047 1394 2095; x_wconf 88' lang='lat' dir='ltr'><strong>con·</strong></span> 
     </span>
    </p>
   </div>
   <div class='ocr_carea' id='block_1_3' title="bbox 220 2274 1398 4564">
    <p class='ocr_par' dir='ltr' id='par_1_5' title="bbox 221 2274 1396 2612">
     <span class='ocr_line' id='line_1_18' title="bbox 318 2274 1394 2345; baseline 0.001 -16"><span class='ocrx_word' id='word_1_151' title='bbox 318 2275 346 2345; x_wconf 83' lang='lat' dir='ltr'><strong>a)</strong></span> <span class='ocrx_word' id='word_1_152' title='bbox 365 2274 551 2331; x_wconf 73' lang='lat' dir='ltr'><strong>enuntiate</strong></span> <span class='ocrx_word' id='word_1_153' title='bbox 574 2274 845 2344; x_wconf 75' lang='lat' dir='ltr'><strong>interrogativa:</strong></span> <span class='ocrx_word' id='word_1_154' title='bbox 868 2274 881 2327; x_wconf 92' lang='lat'>1</span> <span class='ocrx_word' id='word_1_155' title='bbox 905 2274 947 2341; x_wconf 80' lang='grc'><strong>69,</strong></span> <span class='ocrx_word' id='word_1_156' title='bbox 972 2275 990 2327; x_wconf 77' lang='grc'>2</span> <span class='ocrx_word' id='word_1_157' title='bbox 1012 2290 1091 2344; x_wconf 82' lang='lat' dir='ltr'><strong>quem</strong></span> <span class='ocrx_word' id='word_1_158' title='bbox 1114 2274 1162 2344; x_wconf 81' lang='lat' dir='ltr'><strong>qui</strong></span> <span class='ocrx_word' id='word_1_159' title='bbox 1183 2279 1255 2329; x_wconf 83' lang='lat' dir='ltr'><strong>esset</strong></span> <span class='ocrx_word' id='word_1_160' title='bbox 1272 2275 1394 2330; x_wconf 83' lang='lat' dir='ltr'><strong>ammad-</strong></span> 
     </span>
     <span class='ocr_line' id='line_1_19' title="bbox 222 2362 1395 2434; baseline 0 -15"><span class='ocrx_word' id='word_1_161' title='bbox 222 2364 375 2419; x_wconf 73' lang='lat' dir='ltr'><strong>certeseia</strong></span> <span class='ocrx_word' id='word_1_162' title='bbox 398 2363 481 2420; x_wconf 83' lang='lat' dir='ltr'><strong>turia</strong></span> <span class='ocrx_word' id='word_1_163' title='bbox 503 2381 559 2418; x_wconf 88' lang='lat' dir='ltr'><strong>aaa</strong></span> <span class='ocrx_word' id='word_1_164' title='bbox 578 2365 721 2434; x_wconf 87' lang='lat' dir='ltr'><strong>potuissc;</strong></span> <span class='ocrx_word' id='word_1_165' title='bbox 742 2362 781 2418; x_wconf 89' lang='lat' dir='ltr'><strong>Vl</strong></span> <span class='ocrx_word' id='word_1_166' title='bbox 805 2365 840 2418; x_wconf 79' lang='lat'><strong>53</strong></span> <span class='ocrx_word' id='word_1_167' title='bbox 860 2365 945 2434; x_wconf 79' lang='lat' dir='ltr'><strong>finem</strong></span> <span class='ocrx_word' id='word_1_168' title='bbox 963 2406 969 2418; x_wconf 89' lang='lat'>.</span> <span class='ocrx_word' id='word_1_169' title='bbox 990 2403 997 2416; x_wconf 90' lang='lat'><strong>.</strong></span> <span class='ocrx_word' id='word_1_170' title='bbox 1017 2402 1023 2416; x_wconf 92' lang='lat'><strong>.</strong></span> <span class='ocrx_word' id='word_1_171' title='bbox 1044 2405 1050 2417; x_wconf 95' lang='lat'><strong>.</strong></span> <span class='ocrx_word' id='word_1_172' title='bbox 1070 2367 1135 2416; x_wconf 88' lang='lat' dir='ltr'><strong>suut</strong></span> <span class='ocrx_word' id='word_1_173' title='bbox 1156 2363 1235 2434; x_wconf 83' lang='lat' dir='ltr'><strong>effati</strong></span> <span class='ocrx_word' id='word_1_174' title='bbox 1258 2370 1288 2418; x_wconf 87' lang='lat' dir='ltr'><strong>ut</strong></span> <span class='ocrx_word' id='word_1_175' title='bbox 1309 2370 1395 2432; x_wconf 84' lang='lat' dir='ltr'><strong>esset;</strong></span> 
     </span>
     <span class='ocr_line' id='line_1_20' title="bbox 222 2450 1396 2522; baseline 0.001 -15"><span class='ocrx_word' id='word_1_176' title='bbox 222 2453 276 2508; x_wconf 83' lang='lat' dir='ltr'><strong>X2</strong></span> <span class='ocrx_word' id='word_1_177' title='bbox 298 2493 305 2508; x_wconf 87' lang='lat'><strong>.</strong></span> <span class='ocrx_word' id='word_1_178' title='bbox 320 2493 325 2506; x_wconf 91' lang='lat'><em>.</em></span> <span class='ocrx_word' id='word_1_179' title='bbox 340 2450 539 2507; x_wconf 81' lang='lat' dir='ltr'><strong>.clcclarabuut</strong></span> <span class='ocrx_word' id='word_1_180' title='bbox 552 2451 709 2522; x_wconf 76' lang='lat' dir='ltr'><strong>aualopiam</strong></span> <span class='ocrx_word' id='word_1_181' title='bbox 719 2458 746 2507; x_wconf 88' lang='lat' dir='ltr'><strong>et</strong></span> <span class='ocrx_word' id='word_1_182' title='bbox 757 2451 931 2518; x_wconf 84' lang='lat' dir='ltr'><strong>anomaliam,</strong></span> <span class='ocrx_word' id='word_1_183' title='bbox 950 2451 1078 2516; x_wconf 74' lang='lat' dir='ltr'><strong>acdesti,</strong></span> <span class='ocrx_word' id='word_1_184' title='bbox 1097 2450 1164 2520; x_wconf 82' lang='lat' dir='ltr'><strong>quid</strong></span> <span class='ocrx_word' id='word_1_185' title='bbox 1181 2451 1223 2518; x_wconf 87' lang='lat' dir='ltr'><strong>sit,</strong></span> <span class='ocrx_word' id='word_1_186' title='bbox 1243 2452 1396 2508; x_wconf 82' lang='lat' dir='ltr'><strong>cuiusmodi</strong></span> 
     </span>
     <span class='ocr_line' id='line_1_21' title="bbox 221 2539 1135 2612; baseline -0.001 -16"><span class='ocrx_word' id='word_1_187' title='bbox 221 2542 273 2607; x_wconf 78' lang='lat' dir='ltr'><strong>sit5</strong></span> <span class='ocrx_word' id='word_1_188' title='bbox 290 2541 317 2596; x_wconf 87' lang='lat' dir='ltr'>X</span> <span class='ocrx_word' id='word_1_189' title='bbox 335 2542 370 2595; x_wconf 78' lang='lat'><strong>29</strong></span> <span class='ocrx_word' id='word_1_190' title='bbox 389 2542 415 2596; x_wconf 86' lang='lat' dir='ltr'><strong>si</strong></span> <span class='ocrx_word' id='word_1_191' title='bbox 432 2539 495 2595; x_wconf 86' lang='lat' dir='ltr'><strong>illos</strong></span> <span class='ocrx_word' id='word_1_192' title='bbox 514 2541 652 2596; x_wconf 81' lang='lat' dir='ltr'><strong>breuiores</strong></span> <span class='ocrx_word' id='word_1_193' title='bbox 670 2584 677 2597; x_wconf 92' lang='lat'>.</span> <span class='ocrx_word' id='word_1_194' title='bbox 697 2581 703 2596; x_wconf 92' lang='lat'><strong>.</strong></span> <span class='ocrx_word' id='word_1_195' title='bbox 724 2581 730 2596; x_wconf 93' lang='lat'><strong><em>.</em></strong></span> <span class='ocrx_word' id='word_1_196' title='bbox 749 2559 832 2612; x_wconf 84' lang='lat' dir='ltr'><strong>quam</strong></span> <span class='ocrx_word' id='word_1_197' title='bbox 850 2540 926 2611; x_wconf 79' lang='lat' dir='ltr'><strong>loupi</strong></span> <span class='ocrx_word' id='word_1_198' title='bbox 943 2540 997 2595; x_wconf 83' lang='lat' dir='ltr'><strong>siut</strong></span> <span class='ocrx_word' id='word_1_199' title='bbox 1014 2540 1135 2611; x_wconf 76' lang='lat' dir='ltr'><strong>iquorcs.</strong></span> 
     </span>
    </p>

    <p class='ocr_par' dir='ltr' id='par_1_6' title="bbox 222 2626 1397 3412">
     <span class='ocr_line' id='line_1_22' title="bbox 313 2626 1395 2701; baseline -0.001 -17"><span class='ocrx_word' id='word_1_200' title='bbox 313 2630 385 2685; x_wconf 86' lang='lat' dir='ltr'><strong>Item</strong></span> <span class='ocrx_word' id='word_1_201' title='bbox 403 2630 432 2684; x_wconf 88' lang='lat' dir='ltr'><strong>in</strong></span> <span class='ocrx_word' id='word_1_202' title='bbox 451 2629 562 2699; x_wconf 87' lang='lat' dir='ltr'><strong>psssivo</strong></span> <span class='ocrx_word' id='word_1_203' title='bbox 586 2630 648 2701; x_wconf 88' lang='lat' dir='ltr'><strong>(cir.</strong></span> <span class='ocrx_word' id='word_1_204' title='bbox 668 2629 725 2686; x_wconf 84' lang='lat' dir='ltr'><strong>Cic.</strong></span> <span class='ocrx_word' id='word_1_205' title='bbox 744 2631 803 2686; x_wconf 86' lang='lat' dir='ltr'><strong>Fin.</strong></span> <span class='ocrx_word' id='word_1_206' title='bbox 823 2630 848 2685; x_wconf 88' lang='lat' dir='ltr'>V</span> <span class='ocrx_word' id='word_1_207' title='bbox 867 2629 883 2700; x_wconf 68' lang='grc' dir='ltr'><strong>ξ</strong></span> <span class='ocrx_word' id='word_1_208' title='bbox 902 2632 937 2684; x_wconf 82' lang='grc'><strong>58</strong></span> <span class='ocrx_word' id='word_1_209' title='bbox 960 2634 990 2683; x_wconf 87' lang='lat' dir='ltr'><strong>ut</strong></span> <span class='ocrx_word' id='word_1_210' title='bbox 1008 2628 1096 2700; x_wconf 87' lang='lat' dir='ltr'><strong>plauc</strong></span> <span class='ocrx_word' id='word_1_211' title='bbox 1115 2626 1207 2698; x_wconf 80' lang='lat' dir='ltr'><strong>qualia</strong></span> <span class='ocrx_word' id='word_1_212' title='bbox 1226 2629 1282 2683; x_wconf 88' lang='lat' dir='ltr'><strong>siut</strong></span> <span class='ocrx_word' id='word_1_213' title='bbox 1298 2627 1395 2683; x_wconf 87' lang='lat' dir='ltr'><strong>iutelli-</strong></span> 
     </span>
     <span class='ocr_line' id='line_1_23' title="bbox 225 2718 1396 2790; baseline -0.001 -16"><span class='ocrx_word' id='word_1_214' title='bbox 225 2719 339 2790; x_wconf 76' lang='lat' dir='ltr'><strong>9uutur)</strong></span> <span class='ocrx_word' id='word_1_215' title='bbox 363 2718 406 2773; x_wconf 90' lang='lat'><strong>111</strong></span> <span class='ocrx_word' id='word_1_216' title='bbox 431 2721 479 2786; x_wconf 82' lang='lat'><strong>17,</strong></span> <span class='ocrx_word' id='word_1_217' title='bbox 505 2721 520 2772; x_wconf 96' lang='lat'>1</span> <span class='ocrx_word' id='word_1_218' title='bbox 546 2720 634 2789; x_wconf 87' lang='lat' dir='ltr'><strong>coepti</strong></span> <span class='ocrx_word' id='word_1_219' title='bbox 661 2725 726 2774; x_wconf 86' lang='lat' dir='ltr'><strong>suut</strong></span> <span class='ocrx_word' id='word_1_220' title='bbox 747 2737 765 2774; x_wconf 94' lang='lat' dir='ltr'><strong>a</strong></span> <span class='ocrx_word' id='word_1_221' title='bbox 786 2735 926 2789; x_wconf 82' lang='lat' dir='ltr'><strong>praecoma</strong></span> <span class='ocrx_word' id='word_1_222' title='bbox 951 2718 1040 2773; x_wconf 84' lang='lat' dir='ltr'><strong>rceiui</strong></span> <span class='ocrx_word' id='word_1_223' title='bbox 1061 2734 1139 2788; x_wconf 81' lang='lat' dir='ltr'><strong>quem</strong></span> <span class='ocrx_word' id='word_1_224' title='bbox 1164 2733 1286 2789; x_wconf 78' lang='lat' dir='ltr'><strong>quaeque</strong></span> <span class='ocrx_word' id='word_1_225' title='bbox 1309 2718 1396 2774; x_wconf 84' lang='lat' dir='ltr'><strong>tribus</strong></span> 
     </span>
     <span class='ocr_line' id='line_1_24' title="bbox 222 2806 1397 2879; baseline 0 -17"><span class='ocrx_word' id='word_1_226' title='bbox 222 2808 322 2879; x_wconf 87' lang='lat' dir='ltr'><strong>feccrit</strong></span> <span class='ocrx_word' id='word_1_227' title='bbox 340 2806 455 2863; x_wconf 84' lang='lat' dir='ltr'><strong>aedilem</strong></span> <span class='ocrx_word' id='word_1_228' title='bbox 460 2827 471 2872; x_wconf 91' lang='lat'><em>;</em></span> <span class='ocrx_word' id='word_1_229' title='bbox 496 2808 565 2862; x_wconf 84' lang='lat' dir='ltr'><strong>v33</strong></span> <span class='ocrx_word' id='word_1_230' title='bbox 589 2809 710 2862; x_wconf 83' lang='lat' dir='ltr'><strong>incertus</strong></span> <span class='ocrx_word' id='word_1_231' title='bbox 728 2808 799 2875; x_wconf 88' lang='lat' dir='ltr'><strong>(scil.</strong></span> <span class='ocrx_word' id='word_1_232' title='bbox 819 2809 898 2878; x_wconf 82' lang='lat' dir='ltr'><strong>ager)</strong></span> <span class='ocrx_word' id='word_1_233' title='bbox 921 2809 946 2862; x_wconf 85' lang='lat' dir='ltr'><strong>is</strong></span> <span class='ocrx_word' id='word_1_234' title='bbox 964 2808 1013 2878; x_wconf 87' lang='lat' dir='ltr'><strong>pai</strong></span> <span class='ocrx_word' id='word_1_235' title='bbox 1034 2807 1068 2862; x_wconf 85' lang='lat' dir='ltr'><strong>dc</strong></span> <span class='ocrx_word' id='word_1_236' title='bbox 1086 2807 1129 2862; x_wconf 83' lang='lat' dir='ltr'><strong>iis</strong></span> <span class='ocrx_word' id='word_1_237' title='bbox 1147 2811 1276 2878; x_wconf 81' lang='lat' dir='ltr'><strong>quattuor</strong></span> <span class='ocrx_word' id='word_1_238' title='bbox 1293 2807 1342 2877; x_wconf 84' lang='lat' dir='ltr'><strong>pai</strong></span> <span class='ocrx_word' id='word_1_239' title='bbox 1360 2807 1397 2862; x_wconf 85' lang='lat' dir='ltr'><strong>sit</strong></span> 
     </span>
     <span class='ocr_line' id='line_1_25' title="bbox 222 2895 1395 2967; baseline 0.001 -17"><span class='ocrx_word' id='word_1_240' title='bbox 222 2897 385 2966; x_wconf 79' lang='lat' dir='ltr'><strong>ipaoratur;</strong></span> <span class='ocrx_word' id='word_1_241' title='bbox 410 2895 672 2967; x_wconf 63' lang='lat' dir='ltr'><strong>simillimorum</strong></span> <span class='ocrx_word' id='word_1_242' title='bbox 697 2896 737 2952; x_wconf 88' lang='lat' dir='ltr'><strong>VI</strong></span> <span class='ocrx_word' id='word_1_243' title='bbox 763 2899 797 2950; x_wconf 81' lang='lat'><strong>27</strong></span> <span class='ocrx_word' id='word_1_244' title='bbox 822 2895 974 2953; x_wconf 83' lang='lat' dir='ltr'><strong>calcatur.</strong></span> <span class='ocrx_word' id='word_1_245' title='bbox 995 2937 1027 2952; x_wconf 92' lang='lat'><strong>..</strong></span> <span class='ocrx_word' id='word_1_246' title='bbox 1052 2895 1149 2951; x_wconf 87' lang='lat' dir='ltr'><strong>Nouae</strong></span> <span class='ocrx_word' id='word_1_247' title='bbox 1168 2939 1174 2952; x_wconf 91' lang='lat'>.</span> <span class='ocrx_word' id='word_1_248' title='bbox 1195 2937 1202 2951; x_wconf 88' lang='lat'><strong>.</strong></span> <span class='ocrx_word' id='word_1_249' title='bbox 1222 2935 1228 2950; x_wconf 92' lang='lat'>.</span> <span class='ocrx_word' id='word_1_250' title='bbox 1248 2896 1395 2967; x_wconf 80' lang='lat' dir='ltr'><strong>quintanae</strong></span> 
     </span>
     <span class='ocr_line' id='line_1_26' title="bbox 224 2985 1395 3056; baseline -0.001 -16"><span class='ocrx_word' id='word_1_251' title='bbox 224 3002 261 3040; x_wconf 87' lang='lat' dir='ltr'><strong>au</strong></span> <span class='ocrx_word' id='word_1_252' title='bbox 282 2986 452 3056; x_wconf 79' lang='lat' dir='ltr'><strong>septimanae</strong></span> <span class='ocrx_word' id='word_1_253' title='bbox 470 2985 527 3040; x_wconf 85' lang='lat' dir='ltr'><strong>siut</strong></span> <span class='ocrx_word' id='word_1_254' title='bbox 540 2985 671 3056; x_wconf 63' lang='lat' dir='ltr'><strong>futuram</strong></span> <span class='ocrx_word' id='word_1_255' title='bbox 689 2985 730 3040; x_wconf 87' lang='lat' dir='ltr'><strong>IX</strong></span> <span class='ocrx_word' id='word_1_256' title='bbox 741 2986 777 3040; x_wconf 84' lang='lat'><strong>43</strong></span> <span class='ocrx_word' id='word_1_257' title='bbox 790 2985 918 3056; x_wconf 76' lang='lat' dir='ltr'><strong>perspici</strong></span> <span class='ocrx_word' id='word_1_258' title='bbox 929 2985 1077 3040; x_wconf 77' lang='lat' dir='ltr'><strong>similitudo</strong></span> <span class='ocrx_word' id='word_1_259' title='bbox 1091 2989 1186 3056; x_wconf 85' lang='lat' dir='ltr'><strong>potest</strong></span> <span class='ocrx_word' id='word_1_260' title='bbox 1202 3000 1297 3039; x_wconf 85' lang='lat' dir='ltr'><strong>eorum</strong></span> <span class='ocrx_word' id='word_1_261' title='bbox 1315 3001 1395 3056; x_wconf 80' lang='lat' dir='ltr'><strong>quam</strong></span> 
     </span>
     <span class='ocr_line' id='line_1_27' title="bbox 224 3072 1397 3146; baseline -0.002 -17"><span class='ocrx_word' id='word_1_262' title='bbox 224 3075 277 3129; x_wconf 87' lang='lat' dir='ltr'><strong>cim</strong></span> <span class='ocrx_word' id='word_1_263' title='bbox 297 3075 412 3140; x_wconf 56' lang='lat' dir='ltr'><strong>trabeam</strong></span> <span class='ocrx_word' id='word_1_264' title='bbox 430 3075 471 3128; x_wconf 89' lang='lat' dir='ltr'><strong>IX</strong></span> <span class='ocrx_word' id='word_1_265' title='bbox 491 3075 542 3128; x_wconf 87' lang='lat'><strong>103</strong></span> <span class='ocrx_word' id='word_1_266' title='bbox 561 3089 615 3144; x_wconf 81' lang='lat' dir='ltr'><strong>qua</strong></span> <span class='ocrx_word' id='word_1_267' title='bbox 633 3078 775 3146; x_wconf 86' lang='lat' dir='ltr'><strong>assumpta</strong></span> <span class='ocrx_word' id='word_1_268' title='bbox 794 3073 865 3142; x_wconf 89' lang='lat' dir='ltr'><strong>(scil.</strong></span> <span class='ocrx_word' id='word_1_269' title='bbox 883 3073 1011 3141; x_wconf 82' lang='lat' dir='ltr'><strong>formula)</strong></span> <span class='ocrx_word' id='word_1_270' title='bbox 1030 3072 1136 3144; x_wconf 78' lang='lat' dir='ltr'><strong>reliqua</strong></span> <span class='ocrx_word' id='word_1_271' title='bbox 1151 3072 1269 3144; x_wconf 82' lang='lat' dir='ltr'><strong>facilius</strong></span> <span class='ocrx_word' id='word_1_272' title='bbox 1283 3073 1397 3144; x_wconf 86' lang='lat' dir='ltr'><strong>possiut</strong></span> 
     </span>
     <span class='ocr_line' id='line_1_28' title="bbox 226 3160 1397 3233; baseline -0.001 -16"><span class='ocrx_word' id='word_1_273' title='bbox 226 3163 316 3219; x_wconf 83' lang='lat' dir='ltr'><strong>videri</strong></span> <span class='ocrx_word' id='word_1_274' title='bbox 333 3163 431 3231; x_wconf 82' lang='lat' dir='ltr'><strong>cerba,</strong></span> <span class='ocrx_word' id='word_1_275' title='bbox 456 3163 529 3217; x_wconf 84' lang='lat' dir='ltr'><strong>uude</strong></span> <span class='ocrx_word' id='word_1_276' title='bbox 548 3163 604 3218; x_wconf 84' lang='lat' dir='ltr'><strong>siut</strong></span> <span class='ocrx_word' id='word_1_277' title='bbox 621 3161 772 3226; x_wconf 82' lang='lat' dir='ltr'><strong>declimata;</strong></span> <span class='ocrx_word' id='word_1_278' title='bbox 796 3163 864 3216; x_wconf 88' lang='lat' dir='ltr'><strong>item</strong></span> <span class='ocrx_word' id='word_1_279' title='bbox 882 3161 909 3217; x_wconf 88' lang='lat' dir='ltr'><strong>V</strong></span> <span class='ocrx_word' id='word_1_280' title='bbox 929 3163 980 3217; x_wconf 77' lang='lat'><strong>120</strong></span> <span class='ocrx_word' id='word_1_281' title='bbox 1002 3161 1110 3233; x_wconf 78' lang='lat' dir='ltr'><strong>reliqua</strong></span> <span class='ocrx_word' id='word_1_282' title='bbox 1128 3160 1200 3232; x_wconf 79' lang='lat' dir='ltr'><strong>parad</strong></span> <span class='ocrx_word' id='word_1_283' title='bbox 1218 3166 1315 3232; x_wconf 86' lang='lat' dir='ltr'><strong>apertu</strong></span> <span class='ocrx_word' id='word_1_284' title='bbox 1334 3166 1397 3216; x_wconf 87' lang='lat' dir='ltr'><strong>suut</strong></span> 
     </span>
     <span class='ocr_line' id='line_1_29' title="bbox 227 3249 1397 3323; baseline -0.002 -17"><span class='ocrx_word' id='word_1_285' title='bbox 227 3251 300 3306; x_wconf 83' lang='lat' dir='ltr'><strong>uude</strong></span> <span class='ocrx_word' id='word_1_286' title='bbox 319 3253 376 3307; x_wconf 85' lang='lat' dir='ltr'><strong>siut</strong></span> <span class='ocrx_word' id='word_1_287' title='bbox 392 3251 533 3323; x_wconf 60' lang='lat' dir='ltr'><strong>reliacum</strong></span> <span class='ocrx_word' id='word_1_288' title='bbox 560 3257 625 3320; x_wconf 92' lang='lat' dir='ltr'><strong>post</strong></span> <span class='ocrx_word' id='word_1_289' title='bbox 643 3251 845 3306; x_wconf 76' lang='lat' dir='ltr'><strong>substantivum</strong></span> <span class='ocrx_word' id='word_1_290' title='bbox 863 3250 976 3306; x_wconf 80' lang='lat' dir='ltr'><strong>verbale</strong></span> <span class='ocrx_word' id='word_1_291' title='bbox 988 3250 1018 3303; x_wconf 92' lang='lat'><strong>11</strong></span> <span class='ocrx_word' id='word_1_292' title='bbox 1032 3253 1055 3318; x_wconf 90' lang='lat' dir='ltr'><strong>l,</strong></span> <span class='ocrx_word' id='word_1_293' title='bbox 1073 3253 1108 3306; x_wconf 85' lang='lat'><strong>14</strong></span> <span class='ocrx_word' id='word_1_294' title='bbox 1123 3268 1139 3305; x_wconf 88' lang='lat' dir='ltr'><strong>e</strong></span> <span class='ocrx_word' id='word_1_295' title='bbox 1158 3256 1285 3322; x_wconf 72' lang='lat' dir='ltr'><strong>quatuor</strong></span> <span class='ocrx_word' id='word_1_296' title='bbox 1309 3249 1397 3304; x_wconf 86' lang='lat' dir='ltr'><strong>altera</strong></span> 
     </span>
     <span class='ocr_line' id='line_1_30' title="bbox 227 3337 1158 3412; baseline 0 -18"><span class='ocrx_word' id='word_1_297' title='bbox 227 3357 300 3410; x_wconf 83' lang='lat' dir='ltr'><strong>pars</strong></span> <span class='ocrx_word' id='word_1_298' title='bbox 318 3345 360 3395; x_wconf 84' lang='lat' dir='ltr'><strong>cst</strong></span> <span class='ocrx_word' id='word_1_299' title='bbox 377 3341 493 3412; x_wconf 76' lang='lat' dir='ltr'><strong>capuita</strong></span> <span class='ocrx_word' id='word_1_300' title='bbox 509 3341 621 3412; x_wconf 82' lang='lat' dir='ltr'><strong>formae</strong></span> <span class='ocrx_word' id='word_1_301' title='bbox 639 3341 852 3411; x_wconf 81' lang='lat' dir='ltr'><strong>uniuscuiusque</strong></span> <span class='ocrx_word' id='word_1_302' title='bbox 868 3337 990 3410; x_wconf 85' lang='lat' dir='ltr'><strong>pecudis,</strong></span> <span class='ocrx_word' id='word_1_303' title='bbox 1010 3339 1099 3410; x_wconf 80' lang='lat' dir='ltr'><strong>qualis</strong></span> <span class='ocrx_word' id='word_1_304' title='bbox 1117 3340 1158 3394; x_wconf 87' lang='lat' dir='ltr'><strong>sit.</strong></span> 
     </span>
    </p>

    <p class='ocr_par' dir='ltr' id='par_1_7' title="bbox 220 3421 1398 4564">
     <span class='ocr_line' id='line_1_31' title="bbox 311 3421 1397 3500; baseline -0.003 -15"><span class='ocrx_word' id='word_1_305' title='bbox 311 3429 339 3500; x_wconf 88' lang='lat' dir='ltr'><strong>b)</strong></span> <span class='ocrx_word' id='word_1_306' title='bbox 359 3429 551 3485; x_wconf 76' lang='lat' dir='ltr'><strong>enuntiato</strong></span> <span class='ocrx_word' id='word_1_307' title='bbox 575 3428 716 3483; x_wconf 83' lang='lat' dir='ltr'><strong>finalis:</strong></span> <span class='ocrx_word' id='word_1_308' title='bbox 741 3428 876 3497; x_wconf 75' lang='lat' dir='ltr'><strong>Exempla</strong></span> <span class='ocrx_word' id='word_1_309' title='bbox 899 3437 1042 3484; x_wconf 79' lang='lat' dir='ltr'><strong>enumeret</strong></span> <span class='ocrx_word' id='word_1_310' title='bbox 1060 3421 1136 3482; x_wconf 79' lang='lat' dir='ltr'><strong>Keil.</strong></span> <span class='ocrx_word' id='word_1_311' title='bbox 1156 3427 1173 3482; x_wconf 92' lang='lat' dir='ltr'><strong>l.</strong></span> <span class='ocrx_word' id='word_1_312' title='bbox 1194 3444 1216 3484; x_wconf 92' lang='lat' dir='ltr'><strong>c.</strong></span> <span class='ocrx_word' id='word_1_313' title='bbox 1258 3427 1301 3482; x_wconf 82' lang='lat' dir='ltr'><strong>Ex</strong></span> <span class='ocrx_word' id='word_1_314' title='bbox 1318 3427 1397 3482; x_wconf 89' lang='lat' dir='ltr'><strong>libris</strong></span> 
     </span>
     <span class='ocr_line' id='line_1_32' title="bbox 227 3515 1397 3587; baseline -0.001 -14"><span class='ocrx_word' id='word_1_315' title='bbox 227 3517 261 3573; x_wconf 85' lang='lat' dir='ltr'><strong>de</strong></span> <span class='ocrx_word' id='word_1_316' title='bbox 279 3518 297 3573; x_wconf 93' lang='lat' dir='ltr'><strong>l.</strong></span> <span class='ocrx_word' id='word_1_317' title='bbox 317 3518 335 3573; x_wconf 92' lang='lat' dir='ltr'><strong>l.</strong></span> <span class='ocrx_word' id='word_1_318' title='bbox 355 3534 411 3573; x_wconf 89' lang='lat' dir='ltr'><strong>non</strong></span> <span class='ocrx_word' id='word_1_319' title='bbox 433 3516 521 3572; x_wconf 86' lang='lat' dir='ltr'><strong>hcbeo</strong></span> <span class='ocrx_word' id='word_1_320' title='bbox 547 3533 615 3585; x_wconf 87' lang='lat' dir='ltr'><strong>quos</strong></span> <span class='ocrx_word' id='word_1_321' title='bbox 639 3517 714 3571; x_wconf 87' lang='lat' dir='ltr'><strong>locos</strong></span> <span class='ocrx_word' id='word_1_322' title='bbox 737 3517 836 3571; x_wconf 76' lang='lat' dir='ltr'><strong>addam</strong></span> <span class='ocrx_word' id='word_1_323' title='bbox 860 3519 946 3587; x_wconf 84' lang='lat' dir='ltr'><strong>(quod</strong></span> <span class='ocrx_word' id='word_1_324' title='bbox 969 3533 1003 3572; x_wconf 89' lang='lat' dir='ltr'><strong>ex</strong></span> <span class='ocrx_word' id='word_1_325' title='bbox 1025 3517 1170 3585; x_wconf 88' lang='lat' dir='ltr'><strong>utriusque</strong></span> <span class='ocrx_word' id='word_1_326' title='bbox 1195 3517 1287 3585; x_wconf 87' lang='lat' dir='ltr'><strong>operis</strong></span> <span class='ocrx_word' id='word_1_327' title='bbox 1305 3515 1397 3572; x_wconf 85' lang='lat' dir='ltr'><strong>indole</strong></span> 
     </span>
     <span class='ocr_line' id='line_1_33' title="bbox 227 3604 1397 3677; baseline -0.001 -17"><span class='ocrx_word' id='word_1_328' title='bbox 227 3605 313 3662; x_wconf 81' lang='lat' dir='ltr'><strong>focile</strong></span> <span class='ocrx_word' id='word_1_329' title='bbox 331 3606 496 3677; x_wconf 76' lang='lat' dir='ltr'><strong>apparebit).</strong></span> <span class='ocrx_word' id='word_1_330' title='bbox 531 3606 593 3660; x_wconf 85' lang='lat' dir='ltr'><strong>Nou</strong></span> <span class='ocrx_word' id='word_1_331' title='bbox 610 3610 686 3660; x_wconf 90' lang='lat' dir='ltr'><strong>recte</strong></span> <span class='ocrx_word' id='word_1_332' title='bbox 705 3613 798 3660; x_wconf 85' lang='lat' dir='ltr'><strong>sutem</strong></span> <span class='ocrx_word' id='word_1_333' title='bbox 821 3612 888 3674; x_wconf 88' lang='lat' dir='ltr'><strong>puto</strong></span> <span class='ocrx_word' id='word_1_334' title='bbox 907 3605 1028 3661; x_wconf 85' lang='lat' dir='ltr'><strong>Keilium</strong></span> <span class='ocrx_word' id='word_1_335' title='bbox 1045 3606 1064 3661; x_wconf 89' lang='lat' dir='ltr'><strong>l.</strong></span> <span class='ocrx_word' id='word_1_336' title='bbox 1083 3606 1101 3661; x_wconf 95' lang='lat' dir='ltr'><strong>l.</strong></span> <span class='ocrx_word' id='word_1_337' title='bbox 1122 3604 1206 3661; x_wconf 85' lang='lat' dir='ltr'><strong>ctiam</strong></span> <span class='ocrx_word' id='word_1_338' title='bbox 1225 3604 1293 3659; x_wconf 81' lang='lat' dir='ltr'><strong>hsec</strong></span> <span class='ocrx_word' id='word_1_339' title='bbox 1311 3605 1397 3661; x_wconf 81' lang='lat' dir='ltr'><strong>verbu</strong></span> 
     </span>
     <span class='ocr_line' id='line_1_34' title="bbox 226 3693 1398 3766; baseline -0.003 -15"><span class='ocrx_word' id='word_1_340' title='bbox 226 3695 407 3765; x_wconf 83' lang='lat' dir='ltr'><strong>adscripsisse</strong></span> <span class='ocrx_word' id='word_1_341' title='bbox 430 3695 459 3749; x_wconf 91' lang='lat'><strong>11</strong></span> <span class='ocrx_word' id='word_1_342' title='bbox 482 3696 511 3762; x_wconf 84' lang='lat'><strong>9,</strong></span> <span class='ocrx_word' id='word_1_343' title='bbox 531 3697 548 3749; x_wconf 77' lang='grc'>2</span> <span class='ocrx_word' id='word_1_344' title='bbox 569 3693 642 3761; x_wconf 80' lang='lat' dir='ltr'><strong>Quid</strong></span> <span class='ocrx_word' id='word_1_345' title='bbox 663 3694 751 3749; x_wconf 85' lang='lat' dir='ltr'><strong>dicam</strong></span> <span class='ocrx_word' id='word_1_346' title='bbox 771 3694 805 3749; x_wconf 85' lang='lat' dir='ltr'><strong>de</strong></span> <span class='ocrx_word' id='word_1_347' title='bbox 818 3710 922 3766; x_wconf 84' lang='lat' dir='ltr'><strong>pecare</strong></span> <span class='ocrx_word' id='word_1_348' title='bbox 939 3695 1063 3749; x_wconf 86' lang='lat' dir='ltr'><strong>maiore?</strong></span> <span class='ocrx_word' id='word_1_349' title='bbox 1081 3711 1141 3748; x_wconf 89' lang='lat' dir='ltr'><strong>eum</strong></span> <span class='ocrx_word' id='word_1_350' title='bbox 1159 3693 1244 3748; x_wconf 85' lang='lat' dir='ltr'><strong>sciam</strong></span> <span class='ocrx_word' id='word_1_351' title='bbox 1262 3693 1398 3749; x_wconf 77' lang='lat' dir='ltr'><strong>maurum</strong></span> 
     </span>
     <span class='ocr_line' id='line_1_35' title="bbox 225 3782 1398 3856; baseline -0.001 -18"><span class='ocrx_word' id='word_1_352' title='bbox 225 3800 350 3855; x_wconf 77' lang='lat' dir='ltr'><strong>prepem,</strong></span> <span class='ocrx_word' id='word_1_353' title='bbox 376 3801 436 3838; x_wconf 88' lang='lat' dir='ltr'><strong>eam</strong></span> <span class='ocrx_word' id='word_1_354' title='bbox 449 3790 616 3856; x_wconf 86' lang='lat' dir='ltr'><strong>pasceretur</strong></span> <span class='ocrx_word' id='word_1_355' title='bbox 634 3787 662 3836; x_wconf 86' lang='lat' dir='ltr'><strong>et</strong></span> <span class='ocrx_word' id='word_1_356' title='bbox 683 3799 715 3836; x_wconf 90' lang='lat' dir='ltr'><strong>ea</strong></span> <span class='ocrx_word' id='word_1_357' title='bbox 734 3783 851 3837; x_wconf 83' lang='lat' dir='ltr'><strong>uenisset</strong></span> <span class='ocrx_word' id='word_1_358' title='bbox 868 3782 959 3854; x_wconf 84' lang='lat' dir='ltr'><strong>lupus,</strong></span> <span class='ocrx_word' id='word_1_359' title='bbox 977 3782 1049 3837; x_wconf 90' lang='lat' dir='ltr'><strong>ultro</strong></span> <span class='ocrx_word' id='word_1_360' title='bbox 1073 3782 1162 3838; x_wconf 85' lang='lat' dir='ltr'><strong>mulos</strong></span> <span class='ocrx_word' id='word_1_361' title='bbox 1180 3782 1398 3855; x_wconf 78' lang='lat' dir='ltr'><strong>circumfluuissc</strong></span> 
     </span>
     <span class='ocr_line' id='line_1_36' title="bbox 224 3870 1397 3944; baseline 0 -17"><span class='ocrx_word' id='word_1_362' title='bbox 224 3877 251 3927; x_wconf 86' lang='lat' dir='ltr'><strong>et</strong></span> <span class='ocrx_word' id='word_1_363' title='bbox 268 3872 379 3944; x_wconf 80' lang='lat' dir='ltr'><strong>capulis</strong></span> <span class='ocrx_word' id='word_1_364' title='bbox 398 3872 538 3927; x_wconf 80' lang='lat' dir='ltr'><strong>caedendo</strong></span> <span class='ocrx_word' id='word_1_365' title='bbox 557 3889 617 3926; x_wconf 88' lang='lat' dir='ltr'><strong>cum</strong></span> <span class='ocrx_word' id='word_1_366' title='bbox 630 3872 771 3938; x_wconf 85' lang='lat' dir='ltr'><strong>occidisse,</strong></span> <span class='ocrx_word' id='word_1_367' title='bbox 790 3871 837 3927; x_wconf 88' lang='lat' dir='ltr'><strong>ubi</strong></span> <span class='ocrx_word' id='word_1_368' title='bbox 855 3870 985 3927; x_wconf 84' lang='lat' dir='ltr'><strong>infinitivi</strong></span> <span class='ocrx_word' id='word_1_369' title='bbox 1004 3871 1225 3943; x_wconf 80' lang='lat' dir='ltr'><strong>circumfluxisse</strong></span> <span class='ocrx_word' id='word_1_370' title='bbox 1244 3871 1397 3927; x_wconf 88' lang='lat' dir='ltr'><strong>subiectum</strong></span> 
     </span>
     <span class='ocr_line' id='line_1_37' title="bbox 222 3960 1397 4031; baseline -0.001 -15"><span class='ocrx_word' id='word_1_371' title='bbox 222 3967 289 4018; x_wconf 82' lang='lat' dir='ltr'><strong>sote</strong></span> <span class='ocrx_word' id='word_1_372' title='bbox 314 3979 374 4016; x_wconf 91' lang='lat' dir='ltr'><strong>cum</strong></span> <span class='ocrx_word' id='word_1_373' title='bbox 400 3962 620 4018; x_wconf 85' lang='lat' dir='ltr'><strong>coniunctionem</strong></span> <span class='ocrx_word' id='word_1_374' title='bbox 642 3961 763 4030; x_wconf 87' lang='lat' dir='ltr'><strong>positum</strong></span> <span class='ocrx_word' id='word_1_375' title='bbox 786 3967 850 4031; x_wconf 89' lang='lat' dir='ltr'><strong>post</strong></span> <span class='ocrx_word' id='word_1_376' title='bbox 875 3961 1049 4016; x_wconf 79' lang='lat' dir='ltr'><strong>enuntiatum</strong></span> <span class='ocrx_word' id='word_1_377' title='bbox 1074 3960 1225 4031; x_wconf 80' lang='lat' dir='ltr'><strong>temporalo</strong></span> <span class='ocrx_word' id='word_1_378' title='bbox 1248 3960 1397 4030; x_wconf 87' lang='lat' dir='ltr'><strong>perspicui-</strong></span> 
     </span>
     <span class='ocr_line' id='line_1_38' title="bbox 222 4048 1398 4120; baseline 0 -15"><span class='ocrx_word' id='word_1_379' title='bbox 222 4050 292 4105; x_wconf 85' lang='lat' dir='ltr'><strong>tstis</strong></span> <span class='ocrx_word' id='word_1_380' title='bbox 311 4065 396 4106; x_wconf 81' lang='lat' dir='ltr'><strong>causa</strong></span> <span class='ocrx_word' id='word_1_381' title='bbox 414 4050 565 4120; x_wconf 85' lang='lat' dir='ltr'><strong>repetitum</strong></span> <span class='ocrx_word' id='word_1_382' title='bbox 584 4058 628 4106; x_wconf 87' lang='lat' dir='ltr'><strong>est</strong></span> <span class='ocrx_word' id='word_1_383' title='bbox 646 4049 708 4119; x_wconf 89' lang='lat' dir='ltr'><strong>(nec</strong></span> <span class='ocrx_word' id='word_1_384' title='bbox 726 4066 792 4105; x_wconf 87' lang='lat' dir='ltr'><strong>vero</strong></span> <span class='ocrx_word' id='word_1_385' title='bbox 811 4049 947 4104; x_wconf 76' lang='lat' dir='ltr'><strong>mitiorum</strong></span> <span class='ocrx_word' id='word_1_386' title='bbox 964 4065 1075 4120; x_wconf 80' lang='lat' dir='ltr'><strong>prepem</strong></span> <span class='ocrx_word' id='word_1_387' title='bbox 1094 4049 1194 4104; x_wconf 82' lang='lat' dir='ltr'><strong>iterum</strong></span> <span class='ocrx_word' id='word_1_388' title='bbox 1215 4048 1335 4118; x_wconf 84' lang='lat' dir='ltr'><strong>scripsit,</strong></span> <span class='ocrx_word' id='word_1_389' title='bbox 1349 4049 1398 4105; x_wconf 87' lang='lat' dir='ltr'><strong>sed</strong></span> 
     </span>
     <span class='ocr_line' id='line_1_39' title="bbox 221 4137 1398 4208; baseline -0.001 -14"><span class='ocrx_word' id='word_1_390' title='bbox 221 4138 345 4196; x_wconf 83' lang='lat' dir='ltr'><strong>breviter</strong></span> <span class='ocrx_word' id='word_1_391' title='bbox 371 4139 479 4207; x_wconf 83' lang='lat' dir='ltr'><strong>mulos).</strong></span> <span class='ocrx_word' id='word_1_392' title='bbox 517 4137 662 4193; x_wconf 81' lang='lat' dir='ltr'><strong>Simillimc</strong></span> <span class='ocrx_word' id='word_1_393' title='bbox 686 4137 775 4208; x_wconf 78' lang='lat' dir='ltr'><strong>igitur</strong></span> <span class='ocrx_word' id='word_1_394' title='bbox 798 4138 909 4194; x_wconf 82' lang='lat' dir='ltr'><strong>videtur</strong></span> <span class='ocrx_word' id='word_1_395' title='bbox 937 4144 1079 4192; x_wconf 80' lang='lat' dir='ltr'><strong>structura</strong></span> <span class='ocrx_word' id='word_1_396' title='bbox 1103 4153 1164 4193; x_wconf 90' lang='lat' dir='ltr'><strong>esse</strong></span> <span class='ocrx_word' id='word_1_397' title='bbox 1189 4137 1270 4192; x_wconf 85' lang='lat' dir='ltr'><strong>huius</strong></span> <span class='ocrx_word' id='word_1_398' title='bbox 1294 4137 1348 4192; x_wconf 92' lang='lat' dir='ltr'><strong>loci</strong></span> <span class='ocrx_word' id='word_1_399' title='bbox 1372 4137 1398 4192; x_wconf 90' lang='lat' dir='ltr'><strong>V</strong></span> 
     </span>
     <span class='ocr_line' id='line_1_40' title="bbox 222 4225 1397 4298; baseline -0.002 -16"><span class='ocrx_word' id='word_1_400' title='bbox 222 4230 289 4282; x_wconf 86' lang='lat'>149:</span> <span class='ocrx_word' id='word_1_401' title='bbox 313 4227 380 4282; x_wconf 83' lang='lat' dir='ltr'><strong>Pisa</strong></span> <span class='ocrx_word' id='word_1_402' title='bbox 396 4271 401 4285; x_wconf 91' lang='lat'>.</span> <span class='ocrx_word' id='word_1_403' title='bbox 416 4269 422 4283; x_wconf 86' lang='lat'>.</span> <span class='ocrx_word' id='word_1_404' title='bbox 437 4228 549 4283; x_wconf 81' lang='lat' dir='ltr'><strong>scribit.</strong></span> <span class='ocrx_word' id='word_1_405' title='bbox 564 4271 570 4283; x_wconf 93' lang='lat'><em>.</em></span> <span class='ocrx_word' id='word_1_406' title='bbox 584 4270 590 4284; x_wconf 93' lang='lat'>.</span> <span class='ocrx_word' id='word_1_407' title='bbox 604 4228 691 4282; x_wconf 88' lang='lat' dir='ltr'><strong>airum</strong></span> <span class='ocrx_word' id='word_1_408' title='bbox 711 4227 894 4298; x_wconf 82' lang='lat' dir='ltr'><strong>fortissimum</strong></span> <span class='ocrx_word' id='word_1_409' title='bbox 907 4226 1028 4281; x_wconf 87' lang='lat' dir='ltr'><strong>Mettium</strong></span> <span class='ocrx_word' id='word_1_410' title='bbox 1047 4226 1168 4282; x_wconf 86' lang='lat' dir='ltr'><strong>Curtium</strong></span> <span class='ocrx_word' id='word_1_411' title='bbox 1183 4225 1323 4292; x_wconf 78' lang='lat' dir='ltr'><strong>Sabinum,</strong></span> <span class='ocrx_word' id='word_1_412' title='bbox 1336 4242 1397 4280; x_wconf 90' lang='lat' dir='ltr'><strong>cum</strong></span> 
     </span>
     <span class='ocr_line' id='line_1_41' title="bbox 220 4314 1398 4386; baseline -0.001 -16"><span class='ocrx_word' id='word_1_413' title='bbox 220 4314 351 4371; x_wconf 83' lang='lat' dir='ltr'><strong>Remulus</strong></span> <span class='ocrx_word' id='word_1_414' title='bbox 368 4316 495 4372; x_wconf 82' lang='lat' dir='ltr'><strong>cumcuis</strong></span> <span class='ocrx_word' id='word_1_415' title='bbox 506 4315 695 4386; x_wconf 75' lang='lat' dir='ltr'><strong>exsuperium</strong></span> <span class='ocrx_word' id='word_1_416' title='bbox 709 4319 792 4386; x_wconf 89' lang='lat' dir='ltr'><strong>parte</strong></span> <span class='ocrx_word' id='word_1_417' title='bbox 805 4315 1012 4386; x_wconf 82' lang='lat' dir='ltr'><strong>impressionem</strong></span> <span class='ocrx_word' id='word_1_418' title='bbox 1022 4315 1144 4386; x_wconf 79' lang='lat' dir='ltr'><strong>fecisset,</strong></span> <span class='ocrx_word' id='word_1_419' title='bbox 1160 4314 1280 4369; x_wconf 83' lang='lat' dir='ltr'><strong>Curtium</strong></span> <span class='ocrx_word' id='word_1_420' title='bbox 1294 4316 1398 4385; x_wconf 79' lang='lat' dir='ltr'><strong>(quem-</strong></span> 
     </span>
     <span class='ocr_line' id='line_1_42' title="bbox 223 4402 1398 4476; baseline -0.002 -16"><span class='ocrx_word' id='word_1_421' title='bbox 223 4420 303 4473; x_wconf 83' lang='lat' dir='ltr'><strong>quam</strong></span> <span class='ocrx_word' id='word_1_422' title='bbox 332 4405 471 4476; x_wconf 80' lang='lat' dir='ltr'><strong>scripture</strong></span> <span class='ocrx_word' id='word_1_423' title='bbox 503 4420 557 4460; x_wconf 82' lang='lat' dir='ltr'><strong>rou</strong></span> <span class='ocrx_word' id='word_1_424' title='bbox 581 4403 651 4461; x_wconf 82' lang='lat' dir='ltr'><strong>sutis</strong></span> <span class='ocrx_word' id='word_1_425' title='bbox 678 4413 755 4460; x_wconf 82' lang='lat' dir='ltr'><strong>cortu</strong></span> <span class='ocrx_word' id='word_1_426' title='bbox 786 4412 838 4472; x_wconf 82' lang='lat' dir='ltr'><strong>est,</strong></span> <span class='ocrx_word' id='word_1_427' title='bbox 868 4419 929 4460; x_wconf 88' lang='lat' dir='ltr'><strong>oum</strong></span> <span class='ocrx_word' id='word_1_428' title='bbox 954 4403 1066 4459; x_wconf 81' lang='lat' dir='ltr'><strong>deficiet</strong></span> <span class='ocrx_word' id='word_1_429' title='bbox 1093 4404 1151 4458; x_wconf 85' lang='lat' dir='ltr'><strong>cod.</strong></span> <span class='ocrx_word' id='word_1_430' title='bbox 1170 4403 1258 4473; x_wconf 81' lang='lat' dir='ltr'><strong>Flor.;</strong></span> <span class='ocrx_word' id='word_1_431' title='bbox 1288 4402 1398 4458; x_wconf 82' lang='lat' dir='ltr'><strong>Curtius</strong></span> 
     </span>
     <span class='ocr_line' id='line_1_43' title="bbox 221 4491 1176 4564; baseline 0.003 -17"><span class='ocrx_word' id='word_1_432' title='bbox 221 4494 355 4562; x_wconf 78' lang='lat' dir='ltr'><strong>praebent</strong></span> <span class='ocrx_word' id='word_1_433' title='bbox 374 4493 546 4564; x_wconf 76' lang='lat' dir='ltr'><strong>apographa)</strong></span> <span class='ocrx_word' id='word_1_434' title='bbox 564 4493 594 4548; x_wconf 83' lang='lat' dir='ltr'><strong>iu</strong></span> <span class='ocrx_word' id='word_1_435' title='bbox 614 4491 702 4548; x_wconf 87' lang='lat' dir='ltr'><strong>locum</strong></span> <span class='ocrx_word' id='word_1_436' title='bbox 716 4492 934 4563; x_wconf 87' lang='lat' dir='ltr'><strong>palustrem...</strong></span> <span class='ocrx_word' id='word_1_437' title='bbox 954 4492 1102 4548; x_wconf 85' lang='lat' dir='ltr'><strong>secessisse</strong></span> <span class='ocrx_word' id='word_1_438' title='bbox 1122 4496 1176 4550; x_wconf 87' lang='lat' dir='ltr'><strong>etc.</strong></span> 
     </span>
    </p>
   </div>
   <div class='ocr_carea' id='block_1_4' title="bbox 1199 4601 1216 4652">
    <p class='ocr_par' dir='ltr' id='par_1_8' title="bbox 1199 4601 1216 4652">
     <span class='ocr_line' id='line_1_44' title="bbox 1199 4601 1216 4652; baseline 0 0"><span class='ocrx_word' id='word_1_439' title='bbox 1199 4601 1216 4652; x_wconf 85' lang='lat' dir='ltr'><strong>li</strong></span> 
     </span>
    </p>
   </div>
   <div class='ocr_carea' id='block_1_5' title="bbox 0 0 1601 5034">
    <p class='ocr_par' dir='ltr' id='par_1_9' title="bbox 0 0 1601 5034">
     <span class='ocr_line' id='line_1_45' title="bbox 0 0 1601 5034; baseline 0 0"><span class='ocrx_word' id='word_1_440' title='bbox 0 0 1601 5034; x_wconf 95' lang='lat' dir='ltr'><strong> </strong></span> 
     </span>
    </p>
   </div>
  </div>
 </body>
</html>
