3184 5034
694 251 914 310 *34-

216 420 365 489 iunctivo
397 439 438 488 ex
472 421 639 502 particula
670 431 707 491 ul
736 422 900 504 pendente
933 425 984 510 (ut
1007 477 1013 490 .
1039 477 1045 491 .
1070 435 1221 502 veneant,
1255 479 1262 494 .
1289 478 1295 493 .
1323 479 1329 494 .
1355 435 1391 494 ut

215 531 337 614 rodda,
363 578 370 594 .
396 579 403 596 .
427 535 465 596 ut
481 525 634 614 possiet).
680 526 830 608 Utroque
858 529 929 594 loco
957 528 1101 612 scriptor
1127 532 1283 597 ubertate
1311 549 1389 612 qua·

215 634 291 700 dam
322 633 481 700 sermonis
512 650 590 699 usus
620 631 784 700 infinitivo
816 633 923 715 posito
956 634 1077 701 iterum
1108 636 1272 718 expressit
1304 637 1390 717 quod

214 741 325 810 verbis
348 749 386 809 at
407 742 519 824 audio,
548 748 585 808 ut
607 743 710 808 aiebat
738 739 823 806 setis
853 740 1074 824 significatum
1103 747 1187 808 erat.
1235 742 1389 825 Apparet

213 853 327 914 autem
356 845 428 928 ipso
461 844 635 912 enuntiato
665 844 868 912 intercalato
899 865 971 912 eum
1003 852 1196 914 commotum
1229 867 1316 924 esse,
1352 852 1390 916 ut

212 953 333 1020 relicta
357 956 529 1019 structura
551 951 709 1019 incohata
733 970 807 1019 eam
833 952 1020 1035 praeferret
1046 954 1082 1020 in
1109 974 1174 1035 qua
1202 955 1257 1022 vel
1284 954 1389 1021 forma

212 1061 385 1128 verborum
415 1057 652 1140 exprimeretur
679 1059 888 1126 enuntiatum
918 1059 1108 1142 primarium
1138 1079 1179 1127 ex
1206 1061 1307 1128 verbo
1331 1080 1388 1143 pu·

212 1165 308 1233 tandi
338 1184 364 1231 s.
397 1164 527 1232 dicendi
561 1165 712 1248 pendere.
768 1164 893 1232 Contra
926 1167 958 1236 V
989 1171 1029 1230 23
1072 1169 1175 1236 Terra
1203 1176 1240 1236 ut
1264 1176 1387 1254 putaret

212 1277 318 1344 eadem
348 1282 377 1342 a
407 1275 554 1356 Hamua·
588 1275 658 1341 ideo
688 1273 839 1342 Euuiuur
874 1275 913 1341 iu
945 1280 1065 1341 terram
1096 1277 1238 1344 auara
1268 1277 1387 1343 dicere:

214 1382 348 1456 „cubitis
364 1381 536 1460 uiusibuut
558 1382 709 1448 auruum
728 1379 763 1445 in
779 1379 890 1445 altera
912 1379 1146 1462 propositionis
1163 1385 1260 1463 parte
1276 1398 1387 1448 accus.

211 1503 238 1552 o.
262 1485 320 1552 inf.
349 1504 414 1552 nou
444 1485 551 1552 minus
581 1485 788 1552 necessarius
817 1484 882 1552 fuit
905 1503 1002 1566 quam
1026 1485 1074 1553 eis
1099 1486 1216 1566 quibus
1239 1487 1386 1554 nomina-

210 1591 315 1660 tivum
341 1611 367 1658 c.
393 1591 452 1658 inf.
477 1592 601 1676 excipit
624 1593 837 1662 accusativus
861 1611 888 1658 c.
910 1591 985 1675 ini.;
1009 1593 1111 1660 aliter
1134 1593 1220 1660 enim
1243 1593 1387 1677 scriptor

209 1717 274 1764 non
297 1700 410 1780 potest
435 1697 614 1781 exprimere
639 1718 675 1766 se
698 1698 845 1782 proferre
866 1717 932 1765 nou
954 1718 1025 1765 rem
1046 1718 1106 1782 per
1122 1717 1158 1765 se
1174 1706 1385 1767 constantem

209 1804 269 1870 sed
304 1803 506 1870 seutentiam
542 1805 625 1886 (sive
662 1805 747 1873 alius
783 1805 855 1873 sive
886 1825 979 1872 suam
1012 1805 1128 1889 ipsius)
1157 1823 1244 1887 quae
1276 1812 1385 1873 utrum

209 1927 291 1978 vera
315 1909 361 1977 sit
384 1928 501 1992 necne,
527 1911 655 1976 omnino
679 1929 744 1976 non
767 1915 878 1980 movet
901 1913 1103 1994 scriptorem.
1150 1913 1248 1978 Haec
1272 1920 1384 1980 autem

209 2016 417 2099 proprioris
443 2035 483 2082 ao
507 2017 598 2083 notio
623 2017 809 2086 accusativi
833 2037 859 2083 c.
884 2017 942 2085 inf.

295 2123 345 2190 Ut
373 2142 452 2191 vero
484 2124 571 2206 apud
602 2142 713 2190 omnes
744 2123 922 2206 scriptores
952 2143 1011 2206 pro
1042 2125 1240 2192 nominativi
1269 2145 1297 2192 c.
1322 2126 1381 2192 inf.

207 2233 379 2296 structura
407 2228 442 2295 in
470 2230 576 2295 altero
606 2232 750 2296 membro
778 2229 971 2299 accusativo
1001 2250 1029 2296 o.
1054 2230 1111 2296 iul.
1136 2231 1287 2315 pergitur
1310 2231 1382 2314 (ci.

208 2336 362 2403 Schmalz
386 2336 493 2417 §234
517 2340 586 2402 not.
612 2338 723 2416 extr),
748 2337 796 2403 sic
819 2355 891 2402 oum
916 2336 1101 2405 accusativi
1124 2356 1152 2403 o.
1176 2337 1235 2416 inf.
1259 2343 1381 2404 natura

207 2441 309 2509 etiam
338 2443 399 2508 hoc
427 2442 593 2526 congruit,
622 2443 708 2524 quod
736 2442 935 2522 aliquotiens
963 2442 1111 2510 videmus
1139 2443 1302 2513 infinitivo
1327 2463 1381 2510 ex·

207 2548 272 2631 cipi
295 2552 512 2623 structuram,
537 2566 621 2629 quae
645 2548 675 2615 si
698 2549 864 2631 complura
890 2568 951 2632 per
973 2549 1149 2615 enuntiata
1173 2551 1380 2618 continuare-

205 2659 270 2732 tur,
296 2655 442 2722 iuturum
459 2658 549 2722 esset
565 2658 604 2722 ut
620 2673 800 2722 sermonem
817 2655 989 2721 admodum
1005 2654 1198 2738 impeditum
1213 2657 1379 2723 redderet·

203 2760 287 2827 Inde
311 2779 339 2826 e.
364 2779 397 2844 g.
421 2760 545 2844 legitur
573 2762 592 2827 Ι
615 2767 706 2836 49,1;
744 2811 750 2824 .
776 2764 905 2831 ¹laerta
926 2815 932 2830 .
957 2815 963 2830 .
985 2766 1147 2832 subsecarl
1167 2813 1173 2825 .
1196 2813 1202 2826 .
1223 2767 1326 2832 debet
1352 2774 1381 2832 et

203 2869 307 2952 quoad
328 2875 513 2952 perurescat
534 2870 678 2954 furcillis
700 2872 842 2953 versura·
869 2893 941 2938 cara
958 2873 1124 2955 peraruit,
1153 2873 1191 2939 ole
1217 2872 1268 2939 leis
1296 2870 1379 2956 (plu-

202 2971 286 3038 ralis
310 2971 389 3035 κατὰ
412 2971 533 3036 σύνεσιν
557 2977 690 3056 spectat
713 2973 757 3040 ad
779 2973 863 3058 sing.
887 2973 996 3060 herbo)
1020 2978 1214 3056 mauipuloa
1230 2977 1311 3062 fieri
1328 3030 1334 3045 .
1354 3001 1380 3061 .,·

201 3087 270 3147 tura
292 3082 455 3167 depretia
477 3083 631 3167 stipulam
652 3083 790 3149 rastellis
813 3083 904 3150 eracli
927 3090 1021 3167 atque
1048 3085 1162 3150 addere
1189 3085 1379 3169 foeuisioiae

201 3189 374 3254 cumulum.
423 3185 584 3252 Similiter
606 3188 626 3253 I
650 3192 722 3262 31,1
748 3190 824 3257 haec
846 3189 927 3273 fieri
949 3190 1068 3257 debeat.
1099 3191 1211 3258 clueas
1238 3191 1378 3258 uouellus

199 3296 307 3380 follere
334 3344 341 3360 .
365 3345 371 3360 .
395 3345 401 3360 .
423 3295 502 3361 cites
524 3295 717 3379 pampinari
740 3296 804 3371 eto.
834 3296 868 3358 et
900 3292 1027 3358 omnino
1051 3293 1071 3359 I
1095 3299 1224 3357 29—36
1254 3295 1376 3377 passim

199 3397 395 3480 Exemplum
429 3415 508 3464 vero
544 3398 683 3464 maxime
721 3397 855 3482 dignum
892 3398 977 3478 quod
1017 3404 1287 3467 commemoretur
1324 3405 1376 3467 est

198 3505 257 3570 ΠΙ
285 3510 357 3586 9,11
389 3513 519 3574 curator
546 3513 665 3592 oporiet
692 3507 959 3574 circumeat..
983 3529 1049 3575 .oo
1075 3515 1225 3575 uertere
1252 3531 1311 3576 aaa
1332 3543 1376 3554 -

199 3614 315 3676 contra
344 3611 402 3677 HI
432 3617 482 3696 o,5
512 3615 619 3693 itaque
640 3619 803 3693 pastorem
831 3635 942 3680 eoruur
970 3637 1042 3680 cum
1069 3615 1178 3681 catillo
1205 3616 1375 3684 circumire

198 3725 318 3797 oporiet
344 3740 382 3785 oc
404 3725 526 3787 alaeue
553 3720 660 3787 tollere
684 3742 740 3800 -3
771 3717 830 3783 ΙΠ
854 3724 905 3801 9,8
934 3721 973 3787 iu
1001 3722 1169 3804 cubilitas,
1201 3744 1274 3789 curu
1295 3743 1373 3802 par-

198 3826 331 3908 turieut,
360 3845 438 3891 ocus
465 3827 803 3908 substernendum
829 3848 903 3893 cuuc
920 3833 1125 3911 pepererant,
1150 3827 1282 3895 tollere
1304 3830 1372 3896 salr-

197 3938 340 3998 strarueu
363 3937 393 3997 et
414 3952 524 3999 receus
552 3933 635 3998 aliut
661 3932 810 3998 subicere.
858 3928 926 3996 cfr.
952 3929 994 3998 G.
1018 3931 1138 3997 Miiller
1159 3927 1240 3998 ‘Zur
1262 3931 1371 3998 Lehre

196 4055 272 4104 vom
294 4033 445 4102 Infinitiv
467 4034 511 4100 im
535 4032 794 4110 Lateinischen'‚
818 4054 927 4119 progr.
953 4034 1077 4102 Gorlic.
1104 4042 1188 4100 1878
1213 4057 1243 4120 p.
1271 4045 1298 4101 9.

285 4141 436 4222 Denique
460 4141 575 4207 eadem
597 4141 728 4208 ratione
752 4141 939 4224 explicandi
963 4146 1040 4209 sunt
1062 4141 1127 4208 loci
1143 4143 1259 4224 quibus
1276 4164 1370 4210 aoou-

196 4248 326 4317 sativus
357 4247 527 4330 participii
556 4247 746 4331 praesentis
778 4247 873 4329 qnasi
904 4248 1056 4315 absolute
1087 4249 1215 4331 positus
1246 4251 1370 4334 legitur

195 4359 272 4438 post
295 4353 446 4439 gerundii
469 4353 707 4438 gerundivique
730 4358 942 4437 structuram,
967 4355 1060 4423 velut
1080 4356 1191 4437 123,3
1216 4361 1370 4443 quaedam

195 4463 291 4530 etiarn
313 4464 474 4531 sereurla
496 4484 566 4532 acu
589 4469 654 4532 tour
671 4470 804 4548 propter
821 4470 1021 4548 praeacutam
1043 4465 1189 4548 fructura
1211 4484 1308 4546 quoru
1331 4467 1369 4532 iu
