3184 5034
719 265 917 322 ..9.-

234 438 351 521 quibus
373 437 536 506 vocabula
559 436 644 506 unde
668 435 821 504 derivata
844 434 922 511 sint,
954 436 1139 520 explicatur
1163 431 1198 483 -'
1222 434 1303 501 nihil
1328 453 1402 502 esse

232 543 438 625 frequentius
460 550 499 611 ut
522 544 756 626 demonstrem„
776 557 840 612 non
862 560 994 626 possum
1014 560 1125 610 omnes
1140 542 1230 609 locos
1245 542 1308 607 huc
1330 561 1400 625 per·

232 650 380 716 tinentes
403 649 542 728 referre;
574 649 715 732 exempli
739 667 841 716 causa
864 648 1054 716 enumeravi
1076 648 1166 715 locos
1190 647 1301 729 quiin
1324 647 1402 714 libri

232 755 271 822 de
294 756 317 821 l.
333 757 355 822 l.
381 755 469 823 sexti
492 756 598 841 prima
621 761 719 839 parte
743 756 775 837 (ᾗ
795 758 913 835 1-34)
937 757 1090 822 exstant:
1115 753 1209 821 omisi
1231 758 1344 820 antem
1366 753 1401 819 in

232 863 450 945 computando
481 882 537 930 eos
569 862 685 944 quibus
715 881 779 928 non
802 863 874 928 tam
896 861 1036 944 simplex
1057 861 1193 931 verbum
1217 859 1400 926 substanti-

230 987 307 1037 vum
331 987 429 1050 quam
453 967 583 1036 dicendi
605 969 659 1038 vel
683 967 800 1037 similis
815 967 910 1036 verbi
925 966 1030 1034 forma
1053 966 1184 1052 generis
1207 964 1333 1048 passivi
1357 964 1401 1032 ad

232 1076 437 1144 sententiam
453 1076 678 1159 complendam
695 1075 916 1157 desideratur;
932 1092 1010 1141 nam
1025 1074 1151 1140 talibus
1165 1071 1200 1137 in
1217 1071 1400 1139 enuntiatis

231 1179 301 1250 fore
324 1181 444 1265 ubique
468 1181 635 1250 omittitur
656 1183 791 1251 uerbum
813 1180 942 1248 finitum
957 1217 1000 1230 -
1015 1197 1120 1261 neque
1135 1177 1265 1245 finitum
1285 1178 1398 1256 solum,

230 1304 346 1354 verum
369 1288 472 1355 etiam
494 1287 689 1372 infinitivus,
714 1292 751 1356 ut
767 1289 840 1358 VII
861 1294 902 1353 64
926 1289 1107 1357 miraculae
1129 1310 1151 1355 a
1172 1287 1276 1358 miris,
1300 1286 1335 1351 id
1355 1291 1400 1352 ert

230 1395 394 1480 monstris,
419 1419 441 1466 o
463 1420 525 1484 qao
552 1397 670 1466 Accius
697 1399 745 1465 ait
766 1417 924 1482 personas
951 1397 1095 1464 distantia
1117 1395 1225 1462 oritas
1247 1391 1399 1478 deformia

230 1500 430 1587 Mirioner1).
1158 1544 1163 1556 ·

319 1607 427 1674 Deest
449 1606 555 1692 igitur
578 1607 695 1690 copula
709 1606 744 1673 in
759 1605 943 1675 enuntiatis
963 1606 1129 1691 primariis
1145 1624 1204 1674 sex
1219 1604 1288 1672 iere
1305 1603 1397 1685 locis

230 1713 265 1779 in
288 1714 473 1782 enuntiatis
495 1713 649 1781 relativis
665 1714 787 1797 decem,
809 1713 845 1780 in
860 1712 1044 1780 enuntiatis
1063 1733 1123 1797 per
1137 1710 1399 1778 coniunctionem

230 1822 314 1905 qaod
327 1818 563 1902 incipientibus
578 1838 695 1887 novem
711 1819 802 1903 locis
827 1819 929 1886 semel
945 1821 975 1903 (b
994 1818 1027 1906 6)
1043 1823 1120 1902 post
1136 1817 1398 1886 coniunctionem

229 1950 310 1996 cam.
356 1926 487 1994 Deinde
510 1944 589 1996 vero
612 1945 676 1993 non
699 1927 806 1994 minus
829 1926 1030 2010 quadragies
1053 1929 1089 1992 et
1111 1924 1163 1992 bis
1186 1923 1397 2007 participium

227 2032 309 2115 perf.
334 2051 423 2116 pass.
448 2032 520 2101 sine
542 2035 644 2100 verbo
666 2033 761 2100 finito
783 2032 917 2117 ponitur
940 2032 975 2099 in
998 2031 1182 2099 enuntiatis
1204 2029 1323 2113 prioris
1347 2048 1397 2094 or·

229 2136 326 2214 dinis,
355 2138 437 2206 item
465 2139 499 2205 in
523 2143 635 2207 enunt.
659 2139 813 2208 relativis
836 2138 960 2223 novies,
985 2156 1058 2205 cum
1080 2138 1133 2205 his
1156 2133 1397 2219 quinquaginta

230 2237 299 2312 fere
322 2245 404 2312 locis
433 2250 508 2312 octo
540 2250 672 2312 tantum
702 2246 925 2329 respondeant
956 2245 1073 2327 quibus
1105 2232 1222 2328 copula
1252 2241 1396 2324 additur,

226 2351 281 2419 vel
312 2351 341 2418 si
372 2370 427 2418 eos
457 2353 562 2435 locos,
595 2352 712 2433 quibus
742 2352 953 2436 participium
977 2351 1186 2435 coniungitur
1208 2366 1281 2415 cum
1303 2345 1398 2415 verbi

228 2457 431 2526 substantivi
461 2463 609 2541 tempore
639 2458 751 2526 futuro
783 2461 825 2542 (si
847 2483 912 2545 quc
934 2469 1031 2529 crant
1048 2512 1054 2527 .
1073 2512 1080 2527 .
1099 2511 1106 2526 .
1128 2460 1302 2527 coniuncta
1325 2456 1343 2536 ἕ
1365 2452 1395 2538 l)

227 2567 286 2630 aut
309 2562 501 2647 imperfecto
526 2565 597 2651 (qui
614 2618 621 2634 .
640 2619 646 2634 .
665 2619 672 2633 .
690 2575 784 2636 aaut
806 2569 878 2636 act'
902 2570 920 2646 t
939 2569 970 2649 5)
995 2570 1054 2631 aut
1076 2563 1224 2646 perfecto
1249 2561 1344 2647 (qai.
1363 2614 1369 2629 .
1388 2611 1395 2626 .

225 2693 294 2741 noc
327 2675 466 2758 fecerant
500 2675 614 2758 seriani
648 2670 667 2758 ξ
694 2678 733 2736 13
757 2671 813 2758 m),
848 2671 971 2739 includi
1005 2671 1123 2753 mavis,
1157 2666 1317 2735 undecim.
1352 2703 1394 2714 -

226 2776 343 2843 Etiam
365 2776 523 2861 gerundio
546 2778 791 2863 gerundivoque
809 2778 906 2863 longe
922 2779 1111 2860 plerumque
1135 2775 1183 2842 sic
1206 2774 1257 2840 uti
1272 2774 1395 2843 Varro·

225 2900 309 2966 nem,
333 2887 371 2949 ut
394 2884 530 2952 verbum
553 2904 705 2954 essenon
729 2885 842 2968 addat,
866 2904 974 2951 rerum
997 2883 1195 2950 rusticarum
1217 2880 1294 2948 libri
1310 2878 1395 2947 satis

226 2986 467 3056 demonstrent.
515 2987 1022 3062 demandaveramus
1048 3009 1124 3073 pag.
1151 2994 1180 3052 6.

315 3094 381 3162 Sed
404 3096 458 3162 his
481 3095 564 3163 locis
588 3116 659 3164 curn
683 3099 819 3166 verbum
835 3097 919 3178 quod
936 3098 1031 3162 deest
1047 3093 1203 3161 facillime
1227 3091 1393 3170 audiatur,

224 3202 359 3266 restant
381 3205 529 3270 nonnulli
544 3203 660 3285 quibus
677 3203 795 3270 omisso
812 3204 912 3271 verbo
928 3201 1021 3268 finito
1038 3198 1213 3268 durissima
1229 3194 1396 3264 enuntiati

224 3307 398 3373 structura
423 3307 580 3388 efficitur3
618 3329 753 3393 quorum
775 3310 861 3376 hunc
883 3309 976 3376 illum
999 3306 1111 3374 afferri
1133 3305 1237 3372 liceat
1259 3307 1395 3386 propter

224 3410 445 3479 Schmalzium
474 3415 530 3496 qui
553 3414 587 3502 (ξ
607 3420 647 3480 10
663 3422 695 3496 a)
720 3416 784 3483 ait:
821 3414 1167 3499 „uaoitus...1asst,
1199 3410 1262 3478 wie
1293 3408 1394 3475 schon

228 3515 355 3601 Oicero,
388 3519 518 3588 Sallust
549 3523 616 3588 und
645 3524 754 3593 Varro
784 3522 820 3589 in
849 3523 1086 3590 Nebens'atzcn
1118 3537 1154 3585 es
1185 3518 1282 3598 thun,
1314 3515 1395 3579 aber

224 3624 307 3691 ohne
331 3623 543 3710 aufzufallen,
568 3627 621 3694 die
637 3628 772 3711 Kopula
794 3628 829 3695 in
852 3629 985 3695 solchen
1001 3627 1127 3696 Sttzen
1150 3624 1184 3690 in
1207 3619 1395 3704 auffalliger

222 3729 337 3798 Weise
360 3743 450 3798 aus.“

312 3838 344 3906 V
370 3843 410 3901 28
438 3840 618 3911 Antemnae
653 3841 831 3924 (dicuntur)
863 3845 946 3928 qaod
971 3850 1048 3912 onte
1073 3843 1194 3924 amab,
1223 3838 1279 3923 qni
1305 3835 1394 3904 Anio

225 3937 287 4028 [sic
309 3943 349 4009 Ιι.
374 3945 518 4030 Spengel
545 3947 730 4014 rectissime
752 3967 810 4031 pro
838 3967 869 4016 v.
894 3947 1020 4014 tradito
1049 3943 1193 4036 pacaret
1217 3944 1334 4030 influit
1355 3944 1394 4010 in

227 4048 377 4118 Tiberim.
426 4051 633 4119 Simillimum
662 4053 767 4121 locum
798 4055 917 4121 attulit
948 4053 987 4122 Ο.
1011 4054 1144 4122 Miller:
1175 4054 1208 4123 V
1239 4055 1280 4114 58
1310 4045 1391 4114 init:

220 4175 323 4241 nque
360 4165 398 4226 ct
434 4161 544 4246 cobar
575 4167 673 4246 putot
708 4163 745 4230 hi
777 4161 997 4232 Samothraces
1034 4165 1091 4249 dii,
1127 4162 1184 4247 qai
1219 4156 1330 4228 Castor
1364 4159 1393 4220 et

311 4384 333 4454 ¹)
353 4385 424 4440 Item
451 4385 479 4440 in
506 4387 658 4443 enuntiatis
682 4403 752 4457 qnae
778 4389 981 4446 coniunctivum
1000 4391 1139 4462 flagitant,
1164 4405 1187 4445 a.
1206 4405 1234 4464 g.
1253 4387 1277 4445 V
1296 4387 1313 4444 ⁷
1331 4379 1392 4458 quis

220 4471 294 4526 anim
313 4489 368 4528 non
387 4473 459 4532 adet
477 4475 550 4530 unde
568 4476 796 4552 Argentisodiaoc
814 4483 841 4534 ct
863 4477 1012 4536 Viorurcs?
