3184 5034
708 275 925 334 -74..

232 448 369 516 exhibet
392 467 525 530 quornm
555 447 711 514 nonnulla
734 447 814 515 Keil
842 445 940 513 affert
963 445 997 513 in
1020 464 1133 512 comm.
1159 444 1201 510 ad
1224 445 1244 510 I
1268 449 1342 528 20,5
1368 445 1401 508 io

230 557 414 638 contraposo
437 556 519 620 enim
549 555 636 620 baec
659 575 696 619 ce
720 554 844 640 difficili
875 553 1047 618 ualentiora
1065 551 1259 635 paroeciam.

768 698 861 778 seo.

323 805 411 869 Item
445 802 502 870 ubi
536 802 598 870 duo
630 803 776 868 membra
806 800 982 884 particulis
1014 798 1223 868 correlativis
1253 799 1343 866 inter
1365 818 1401 866 se

230 909 487 992 coniunguntur,
519 926 749 989 nonnunquam
781 908 975 978 vocabulum
998 906 1175 988 quoddam,
1209 905 1294 986 quod
1329 925 1400 972 cum

231 1016 274 1082 ad
298 1014 500 1082 sententiam
523 1034 587 1082 non
611 1014 723 1098 magni
746 1014 903 1082 momenti
932 1013 976 1082 sit
1000 1013 1070 1081 sins
1094 1015 1235 1078 accentu
1258 1030 1399 1094 pronun·

230 1122 350 1204 tiatur,
389 1121 548 1187 inseritur
581 1120 670 1188 inter
704 1122 843 1188 alterius
883 1119 989 1188 utrius
1028 1118 1166 1185 membri
1198 1118 1399 1200 particulam

230 1227 465 1297 correlativsm
488 1233 524 1293 et
547 1246 621 1292 eam
643 1246 757 1296 vocem
781 1246 865 1309 quae
896 1223 1235 1307 alteriopponitur1);
1261 1243 1287 1290 e.
1309 1244 1341 1307 g.
1363 1224 1401 1290 Π

232 1341 282 1418 2,7
306 1355 371 1400 noc
392 1335 475 1399 caim
497 1331 599 1398 sotum
621 1333 723 1416 clipo
746 1333 855 1398 locam
882 1331 1053 1413 corrumpit
1079 1331 1191 1408 ocium,
1226 1329 1283 1396 sect
1305 1330 1399 1395 etiam

230 1442 381 1523 copulam
406 1439 536 1522 1110,s
561 1439 616 1523 qai
637 1459 700 1504 noa
722 1439 822 1504 solam
840 1458 955 1521 pecces
978 1438 1066 1519 sequi
1082 1437 1210 1518 possint
1232 1436 1401 1501 sedetiam

230 1568 250 1612 c
274 1547 381 1612 bestiis
404 1571 442 1616 cc
458 1545 672 1627 praedonibus
696 1545 860 1627 defecwe
883 1543 957 1629 (cfr.
981 1547 1045 1610 sat.
1074 1542 1113 1609 ir.
1137 1549 1200 1607 208
1228 1563 1291 1608 noc
1313 1541 1400 1606 mocio

226 1667 292 1718 'eos
326 1659 498 1735 spectemus
531 1651 588 1716 sect
621 1657 650 1715 et
680 1651 860 1730 imitemur).
908 1649 1069 1718 Similiter
1096 1651 1155 1716 HI
1184 1655 1257 1733 17‚2
1287 1648 1399 1714 Potius

229 1758 439 1840 marsippicm
462 1757 580 1822 domici
602 1757 791 1822 ecicacicct
813 1778 907 1839 quam
929 1755 1068 1836 impleat.

318 1865 474 1931 Formula
499 1861 587 1948 (coa)
610 1869 677 1928 tam
699 1901 742 1910 -—
765 1884 861 1945 quara
885 1899 923 1911 -
949 1861 1001 1930 bis
1025 1861 1073 1928 sic
1096 1864 1275 1944 usurpatur
1297 1863 1336 1927 ut
1360 1859 1399 1926 de

231 1970 356 2038 duobus
386 1971 541 2038 membris
575 1970 665 2040 inter
695 1988 731 2036 se
762 1967 922 2053 oppositis
954 1968 1096 2034 alterum
1128 1970 1223 2035 ante
1245 1985 1277 2035 v.
1302 1967 1400 2052 (coc)

230 2083 296 2142 tam
318 2081 471 2159 ponatur,
496 2095 568 2142 cum
591 2094 656 2144 vox
675 2079 765 2158 post
788 2081 854 2141 tam
876 2074 987 2157 posits
1009 2073 1137 2158 pariter
1160 2073 1204 2140 ad
1226 2078 1399 2154 utrumque

229 2185 408 2249 membrum
424 2182 606 2264 pertineat3
631 2183 689 2249 IX
702 2189 742 2246 22
758 2182 892 2248 indoctis
915 2202 978 2246 coa
1001 2187 1066 2246 toci
1085 2179 1287 2245 irascendum
1306 2199 1399 2262 qaam

232 2289 438 2372 ..patronis
469 2290 610 2355 et161
645 2288 721 2355 init.
755 2308 918 2352 amurcam
946 2288 1046 2369 periti
1079 2286 1233 2369 apricolce
1267 2291 1332 2350 tam
1365 2286 1399 2350 io

230 2394 326 2459 deicis
356 2394 493 2458 coedent
515 2415 609 2475 qaam
632 2394 741 2459 oleam.
788 2393 889 2462 serie
912 2393 947 2459 in
968 2392 1107 2477 legendo
1138 2398 1214 2477 post
1236 2411 1268 2459 v.
1293 2412 1399 2474 qoam

231 2505 370 2581 utroque
392 2501 463 2567 loco
487 2499 590 2582 primo
626 2501 744 2566 obtutu
772 2519 897 2566 mecum
927 2499 1175 2582 exspectaveris
1205 2499 1399 2567 vocabulum

230 2607 315 2688 quod
337 2606 412 2674 voci
433 2606 634 2672 irascendum
657 2625 684 2675 s.
707 2607 743 2671 io
766 2606 861 2671 doleis
884 2605 1097 2689 respondeam
1130 2603 1165 2671 in
1188 2603 1398 2686 colloquendo

230 2713 394 2779 dubitatio
426 2712 554 2778 omnino
591 2731 664 2779 esse
694 2731 759 2778 non
789 2716 902 2794 potest
929 2716 1064 2795 propter
1096 2711 1196 2795 plane
1232 2710 1397 2780 diversam

229 2817 467 2899 pronuntiandi
489 2817 660 2884 rationem.
770 2908 788 2989 ἓ
814 2913 851 2970 61

318 3013 368 3080 Ut
392 3031 491 3094 supra
515 3009 545 3098 (ξ
564 3017 618 3092 27)
641 3011 789 3081 breviter
812 3012 1087 3093 adumbravimus
1112 3013 1220 3080 Varro
1244 3010 1278 3077 in
1302 3031 1398 3078 enun-

229 3119 327 3185 tiatis
362 3117 515 3187 relativis
547 3122 582 3184 et
613 3118 930 3185 coniunctionalibus
965 3137 1039 3184 eam
1071 3119 1175 3187 verba
1210 3117 1393 3185 collocandi

157 3303 164 3320 θ
228 3225 392 3292 rationem
427 3243 629 3306 summopere
663 3225 698 3291 in
732 3225 859 3292 deliciis
890 3226 993 3292 habet
1024 3230 1062 3290 ut
1085 3223 1347 3291 coniunctionem
1371 3243 1396 3291 s.

230 3348 409 3415 pronomen
431 3329 608 3399 relativum
633 3330 774 3415 aprima
798 3331 875 3398 seda
895 3336 1074 3399 removeat.
1111 3329 1211 3397 Cuius
1234 3349 1312 3397 usus
1337 3349 1398 3412 quo

228 3436 287 3506 vix
302 3435 476 3519 quicquam
491 3435 697 3519 frequentius
714 3437 802 3521 apud
817 3439 1010 3520 Varronem,
1036 3455 1109 3504 cum
1125 3436 1233 3504 omnia
1249 3438 1398 3520 exempla

230 3544 363 3611 minime
379 3543 501 3627 possim
518 3543 702 3625 exhaurire,
727 3544 813 3612 satis
828 3545 934 3611 habeo
951 3562 1221 3612 commemorasse
1244 3544 1398 3627 imprimo

228 3669 253 3716 r.
270 3670 294 3715 r.
310 3650 393 3716 libro
410 3651 481 3721 XV
496 3650 577 3717 locis
601 3651 686 3718 hunc
711 3650 857 3719 ordinem
880 3669 953 3718 esse
975 3649 1010 3716 in
1036 3649 1220 3718 enuntiatis
1235 3649 1397 3724 relativis,

227 3756 305 3823 XII
323 3755 688 3841 ininterrogationibus
706 3756 856 3838 obliquis
881 3757 952 3827 XV
974 3755 1010 3822 in
1034 3755 1217 3824 enuntiatis
1245 3755 1398 3822 finalibus

227 3865 286 3946 (ct,
310 3863 375 3948 oe);
404 3862 576 3930 duodecies
604 3865 717 3949 agitur
741 3863 780 3929 de
808 3862 1035 3930 coniunctione
1063 3861 1180 3944 comi),
1213 3866 1332 3945 qnater
1360 3862 1398 3928 de

228 3969 395 4052 particula
419 3971 527 4053 qood,
552 3974 605 4037 ter
629 3970 668 4036 de
692 3968 772 4036 coni.
796 3968 868 4034 abi.

227 4097 441 4105 —-.-—-...--...⁴

301 4147 322 4215 ¹)
342 4144 398 4202 Cir.
423 4143 478 4201 Cic.
498 4145 533 4200 ad
558 4148 615 4200 Att.
634 4144 668 4212 V,
687 4146 748 4212 isa
774 4149 802 4199 et
824 4148 922 4198 nostre
940 4145 1121 4200 mansuetudo
1140 4150 1167 4200 et
1183 4145 1347 4201 abstinentie
1365 4176 1398 4186 -

229 4233 287 4290 scil.
311 4239 408 4288 nostra
433 4239 465 4288 ut
488 4232 623 4304 intelligit
647 4232 820 4303 ngelsbach
847 4233 968 4288 chiasmo
992 4249 1059 4288 usus
1083 4238 1239 4289 structurae
1266 4234 1398 4304 originem

228 4321 375 4392 explicans.

302 4411 324 4480 ⁹)
345 4409 422 4477 Quod
442 4411 510 4467 dicit
530 4411 655 4468 Sahmalz
675 4411 734 4467 Stil.
749 4412 814 4483 §44
831 4411 996 4482 particulam
1015 4429 1088 4468 cum
1101 4412 1186 4468 etiam
1199 4417 1258 4467 tum
1277 4429 1294 4468 a
1312 4411 1399 4481 prima

231 4499 295 4556 sede
313 4500 451 4556 removeri
474 4501 498 4557 si
520 4499 596 4556 aliud
614 4499 652 4556 sit
670 4499 823 4558 subiectum
843 4500 980 4558 emundati
997 4501 1130 4572 primarii,
1149 4501 1225 4558 alind
1242 4499 1397 4557 inferioris:
