3184 5034
330 1619 575 1695 Varronianum
598 1619 763 1687 scribendi
785 1637 889 1704 genus
906 1636 978 1685 cum
1001 1637 1022 1684 8
1038 1617 1266 1702 grammaticis
1282 1621 1414 1685 tantum

241 1749 306 1797 non
330 1729 430 1813 plane
452 1727 640 1811 neglectum
657 1729 757 1801 esset,
781 1724 938 1810 proximis
955 1724 1082 1791 demum
1098 1723 1153 1806 qui
1169 1724 1415 1808 praeterierunt

242 1834 340 1902 annis
364 1833 490 1900 acriore
506 1831 616 1898 studio
631 1833 782 1898 tractare
803 1835 990 1916 coeperunt,
1015 1850 1056 1897 ex
1071 1850 1133 1913 quo
1157 1835 1192 1897 et
1216 1829 1415 1898 editionibus

240 1941 336 2010 novis
364 1938 554 2022 compositis
581 1938 650 2005 arti
673 1938 810 2008 criticae
839 1942 965 2005 certum
989 1937 1238 2004 fundamentum
1260 1940 1413 2021 paratum

244 2050 298 2115 est
322 2049 356 2115 et
371 2045 562 2113 W'olfflinus
585 2045 717 2128 aliique,
742 2064 815 2112 cum
839 2044 1007 2113 Ciceronis
1031 2044 1155 2111 cultum
1177 2048 1216 2110 ut
1238 2043 1289 2110 ita
1308 2043 1416 2110 dicam

240 2153 492 2238 restringerent,
518 2171 628 2218 eorum
644 2151 849 2234 scriptorum,
875 2151 931 2232 qui
945 2151 1078 2236 vulgari
1094 2169 1241 2218 sermone
1258 2149 1311 2217 usi
1326 2153 1413 2229 sunt,

239 2258 346 2345 magis
369 2257 534 2325 rationem
556 2257 679 2323 habere
702 2257 931 2325 instituerunt.

327 2366 424 2435 Eam=
441 2363 545 2448 igitur
573 2364 811 2447 grammaticae
834 2369 975 2446 partem,
1008 2382 1093 2445 quae
1120 2363 1155 2429 in
1183 2364 1281 2429 rebus
1305 2363 1415 2429 ortho-

239 2469 408 2556 graphicis
432 2475 467 2537 et
490 2468 525 2535 in
547 2470 724 2538 verborum
743 2469 883 2537 flexione
905 2473 1069 2553 versatur,
1094 2473 1255 2551 quantum
1271 2470 1313 2536 ad
1329 2470 1414 2539 Var-

240 2597 351 2644 ronem
371 2575 528 2661 pertinet,
552 2576 719 2648 tractavit
741 2575 839 2662 Aug.
863 2576 1007 2643 Miller
1031 2577 1081 2643 ‘de
1100 2576 1218 2660 priscis
1241 2578 1414 2646 verborum

239 2682 352 2750 formis
375 2681 616 2765 Varronianis',
641 2682 719 2749 Hal.
747 2689 843 2748 1877.

328 2787 488 2872 Syntaxis
519 2792 632 2854 autem
664 2807 735 2855 cum
765 2789 907 2856 nondum
938 2792 1014 2856 tota
1045 2789 1131 2857 satis
1161 2788 1346 2873 perquisita
1368 2789 1414 2856 sit

240 2912 348 2976 neque
376 2894 411 2961 in
433 2912 545 2961 eorum
571 2893 666 2961 libris
690 2893 746 2976 qui
768 2893 902 2978 linguae
924 2895 1053 2962 latinae
1076 2895 1244 2980 syntaxim
1266 2896 1414 2963 illustra·

238 3003 371 3083 verunt,
398 3000 492 3068 velut
520 2999 667 3085 Drtgeri
696 3005 732 3067 et
760 2999 924 3088 Kiihneri,
953 3001 1116 3073 Varronis
1139 3002 1190 3067 188
1213 3004 1253 3067 88
1275 3019 1338 3083 par
1360 3004 1413 3067 est

238 3105 327 3173 ratio
351 3105 525 3189 habeatur,
559 3125 620 3191 ego
645 3125 718 3173 eam
741 3105 966 3191 indagandam
988 3107 1069 3173 mihi
1091 3106 1254 3190 proposui,
1284 3105 1414 3174 omissis

239 3212 393 3279 nimirum
416 3211 464 3278 eis
482 3229 566 3294 quae
587 3213 629 3278 ab
646 3211 722 3278 aliis
742 3212 874 3295 prolata
892 3215 979 3280 sunt.
1015 3213 1103 3279 Nam
1120 3212 1160 3281 de
1176 3211 1415 3296 particularum

241 3336 302 3386 usu
333 3319 430 3388 Varr.
466 3317 646 3403 diligenter
676 3317 833 3386 disseruit
863 3319 907 3387 Η.
933 3318 1073 3386 Reiter
1101 3317 1282 3406 (QQuaestt
1314 3320 1413 3389 Varr.

238 3426 396 3508 gramm',
426 3423 698 3510 Regim.1882);
728 3444 863 3492 casuum
893 3445 987 3493 usum
1018 3425 1177 3509 explicuit
1207 3426 1241 3492 J.
1265 3424 1415 3492 Sitzler

238 3528 356 3615 (Uber
372 3530 435 3597 den
448 3530 577 3598 Kasus·
580 3528 757 3598 Gebrauch
769 3532 823 3599 ber
831 3529 961 3616 Varro
979 3530 1289 3599 Tauberbischofsh.
1295 3532 1413 3616 Progr.

241 3640 349 3718 1889).
396 3637 513 3719 Neque
542 3638 820 3720 praetereundum
849 3643 903 3706 est
926 3657 998 3706 oum
1022 3639 1139 3707 alios
1129 3659 1163 3705 rn
1186 3638 1414 3705 nonnullorum

238 3741 436 3825 scriptorum
469 3761 617 3810 sermone
649 3743 848 3811 illustrando
880 3748 951 3812 tum
980 3743 1043 3810 Ph.
1068 3744 1306 3812 Thielmann
1336 3741 1414 3831 (Dc

239 3848 398 3916 sermonis
414 3849 678 3932 proprietatibus
695 3870 780 3933 quae
795 3853 952 3936 leguntur
975 3851 1062 3934 apud
1085 3850 1294 3919 Cornificium
1321 3854 1356 3917 et
1380 3851 1415 3917 18

238 3954 352 4037 primis
368 3954 537 4023 Ciceronis
558 3953 662 4023 libris’
682 3989 724 4012 =
740 3958 831 4024 Diss.
848 3955 931 4042 Arg.
949 3959 999 4036 II,
1020 3959 1116 4039 1879)
1140 3958 1313 4025 occasione
1331 3956 1414 4022 data

240 4061 343 4127 etiam
366 4061 529 4131 Varronis
552 4063 677 4146 passim
700 4065 897 4130 mentionem
921 4063 1053 4131 iecisse.

328 4167 472 4236 Praeter
484 4169 640 4252 syntaxin
658 4187 736 4238 vero
753 4170 929 4237 nonnullas
947 4189 1060 4237 earum
1076 4189 1185 4237 rerum
1203 4168 1364 4253 indagare
1379 4167 1414 4233 in

239 4272 348 4340 animo
373 4272 453 4339 mihi
478 4278 532 4341 est
556 4293 639 4357 quas
663 4275 898 4359 „elocutionis“
920 4275 1050 4343 nomine
1069 4275 1119 4342 ita
1142 4273 1414 4359 comprehendere

240 4379 321 4445 mihi
333 4380 448 4463 liceat,
464 4381 503 4444 ut
514 4380 610 4448 huius
621 4381 713 4450 vocis
724 4381 816 4448 notio
828 4383 1075 4466 angustioribus
1086 4381 1205 4449 finibus
1220 4380 1412 4447 includatur

239 4483 478 4574 („Stilistik“):
503 4504 545 4554 ea
568 4487 654 4554 enim
678 4487 902 4574 distinguendi
925 4488 1055 4556 ratione
1077 4492 1156 4555 utar
1171 4502 1237 4571 qua
1259 4505 1337 4556 usus
1353 4490 1407 4555 est
