3184 5034
674 238 895 296 ..72-

200 413 322 482 amaa
345 420 374 480 cl
389 435 470 498 qaae
492 411 626 482 madere
640 412 753 480 calleat
768 433 830 496 aaa
852 414 992 498 ferream·
1015 409 1047 479 V
1066 413 1127 472 153
1143 413 1250 497 feriar
1259 432 1378 496 pompa

201 527 231 588 ci
253 522 326 605 epai
349 526 488 588 carrara
493 541 506 603 ,·
529 515 601 585 sive
625 514 833 584 correlativis
861 519 900 582 ut
926 516 960 586 V
988 521 1029 579 30
1058 524 1087 584 at
1113 540 1210 586 raam
1235 515 1378 584 Etruria

201 634 230 695 a
256 626 391 696 Latiam
417 647 513 693 saara
540 646 605 692 assa
637 625 752 706 aredii·
779 621 978 704 respondent
1006 621 1109 688 etiam
1136 621 1225 688 inter
1255 639 1306 704 se,
1338 623 1377 688 nt

203 729 383 798 oniasmum
400 728 558 812 efficiant,
576 727 784 795 enuntiatum
796 727 961 796 inferioris
978 727 1100 795 ordinis
1116 731 1152 795 et
1168 727 1377 796 enuntiatum

201 836 411 920 primarium:
446 837 484 902 X
508 841 549 900 46
574 837 835 922 quemadmodum
868 843 974 922 crepat
1006 838 1118 922 prima
1151 838 1193 904 ad
1228 843 1378 921 arariam

202 947 361 1028 chordam,
386 946 434 1012 sia
456 950 573 1029 amaria
596 945 638 1010 ad
659 950 835 1029 septantam
857 943 1032 1024 respondet.
1069 939 1135 1008 Sed
1157 942 1241 1010 haec
1265 940 1375 1008 omnia

204 1049 289 1118 satis
313 1048 398 1117 trita
421 1048 617 1130 minimeque
641 1046 735 1114 unius
759 1047 922 1118 Varronis
944 1046 1087 1131 propria.

741 1240 761 1330 p
786 1248 836 1308 ao.

292 1369 428 1456 Quanto
451 1373 563 1436 antem
579 1365 712 1450 saepius
734 1366 978 1448 parallelismus
999 1387 1096 1451 qnam
1119 1366 1258 1436 chiaemi
1272 1366 1378 1434 forma

204 1475 307 1544 etiam
330 1475 417 1558 apud
432 1475 616 1545 Varronem
643 1472 834 1542 inveniatur
856 1478 894 1540 nt
916 1476 1123 1559 perspicuum
1145 1474 1215 1556 liat,
1238 1493 1377 1557 parvam

203 1581 312 1666 operis
335 1580 536 1653 varroniani
563 1583 693 1663 partem
721 1579 883 1663 inspicere
911 1580 1065 1649 sufficiet.
1111 1583 1153 1648 In
1181 1579 1277 1647 initio
1299 1579 1378 1648 libri

204 1686 317 1756 octavi
341 1687 381 1755 de
404 1689 425 1754 l.
460 1686 482 1752 l.
512 1685 547 1775 (ξ
580 1689 699 1767 1-10)
730 1705 772 1753 ex
800 1687 915 1770 paucis
944 1706 1027 1769 qnae
1055 1689 1211 1774 leguntur
1238 1685 1377 1754 ohiasmi

205 1793 364 1876 exemplis
387 1793 522 1860 dimidia
549 1793 619 1861 fere
647 1812 725 1877 pars
753 1811 826 1860 cunr
855 1793 1080 1876 parallelismo
1109 1793 1284 1862 coniuncta
1312 1798 1375 1876 est,

203 1919 300 1982 quam
316 1899 454 1968 formam
466 1901 507 1966 ab
523 1900 672 1968 omnibns
687 1900 902 1984 scriptoribus
925 1901 969 1967 ad
984 1901 1180 1970 variandum
1195 1917 1376 1968 sermonem

202 2007 470 2089 frequentissime
492 2007 645 2090 usurpari
668 2025 768 2089 supra
790 2006 981 2075 monuimus.

291 2112 464 2196 Proprium
480 2112 567 2180 enim
583 2112 722 2181 chiasmi
738 2113 920 2196 exemplum
935 2112 1005 2180 fere
1021 2132 1087 2180 non
1102 2112 1226 2198 legitur
1242 2116 1377 2196 praeter

203 2222 222 2303 ἓ
257 2226 273 2284 1
301 2244 443 2309 prapapo
465 2273 497 2288 ..
522 2224 663 2291 cecamda
698 2222 781 2306 qaod
809 2223 908 2308 prims
937 2223 1020 2290 iliad
1049 2224 1136 2291 amaa
1166 2245 1204 2290 aa
1233 2219 1377 2302 duosque

203 2325 407 2411 paragraphi
424 2325 570 2393 decimae
584 2326 674 2393 locos
696 2350 762 2396 aaa
779 2379 786 2395 .
805 2379 812 2395 .
830 2329 895 2396 loco
910 2329 1044 2416 allipare
1053 2330 1160 2414 poecis
1176 2376 1183 2392 .
1202 2329 1271 2396 acl
1286 2328 1378 2396 alima

205 2487 212 2502 .
231 2487 238 2503 .
255 2436 338 2521 qaod
354 2458 426 2503 cam
441 2436 540 2504 aliero
550 2442 654 2520 polest
669 2437 813 2522 collipari
831 2433 961 2521 (deinde
976 2452 1089 2502 rursus
1106 2437 1253 2523 colliparc
1262 2457 1377 2520 possm·

203 2539 290 2627 mac)
315 2544 351 2607 et
372 2540 476 2609 verba
499 2539 641 2607 nondnnn
664 2559 746 2608 sane
770 2540 858 2606 omni
873 2559 915 2607 ex
937 2545 1035 2623 parte
1058 2545 1097 2606 nt
1112 2539 1245 2609 videtur
1270 2558 1376 2606 emcn-

205 2646 286 2713 data
316 2671 389 2716 cam
419 2650 619 2734 falmeatam
650 2645 710 2729 (sic
739 2645 804 2729 Sp,
836 2650 966 2736 salmam
992 2657 1072 2718 lama
1098 2646 1199 2733 Flor.)
1230 2671 1270 2717 ea
1299 2671 1379 2717 aaa

204 2755 326 2840 syllaba
347 2755 431 2822 iliad
452 2753 521 2820 ET
543 2761 672 2824 marceat
700 2775 827 2822 amam.
873 2752 1024 2834 Denique
1053 2756 1072 2836 ξ
1098 2759 1137 2817 10
1161 2752 1236 2819 init.
1261 2771 1279 2819 e
1302 2771 1377 2820 con·

204 2858 334 2925 iectura
357 2856 503 2940 Scioppii
526 2881 666 2945 amaram
687 2881 799 2928 rariora
820 2883 900 2930 asae
923 2867 993 2930 crai
1014 2861 1158 2948 simplae,
1179 2861 1362 2948 ..<cimplaa>

202 2965 249 3036 ili
271 2967 367 3035 etiam
388 2966 531 3034 vocabali
553 2967 741 3036 declinatas.

292 3070 349 3139 Ad
376 3070 571 3140 variandum
602 3075 714 3139 antem
742 3071 1001 3155 parallelismum
1031 3070 1170 3139 chiasrni
1192 3070 1298 3139 forma
1322 3072 1378 3140 ad·

203 3177 336 3245 hibetur
362 3177 398 3244 in
424 3176 444 3265 ξ
474 3184 492 3242 8
521 3181 736 3248 mdcilomiaae
762 3182 920 3250 declinari
944 3187 1046 3266 potari
1072 3182 1115 3249 ad
1144 3203 1183 3248 eo
1213 3178 1298 3265 qaod
1319 3183 1378 3249 ira·

198 3287 392 3374 paciaeraai
420 3308 539 3371 scopae,
567 3306 670 3371 scopa,
700 3309 796 3372 paam
823 3288 853 3355 ci
879 3289 1106 3372 imposuissem
1135 3311 1237 3373 scopa,
1270 3289 1312 3355 ab
1339 3311 1378 3355 eo

205 3415 333 3480 scopam·
356 3392 375 3474 ἓ
400 3397 418 3454 9
442 3414 549 3460 ramam
571 3390 654 3475 (scil.
679 3391 797 3479 genus)
817 3395 1002 3481 forandam,
1027 3395 1109 3474 qaod
1126 3441 1133 3458 .
1152 3440 1159 3457 ·
1175 3396 1317 3463 malias
1339 3417 1379 3464 aa

205 3523 239 3568 se
256 3501 348 3586 parii
370 3500 537 3586 disparilia
558 3501 701 3586 formae.
721 3522 747 3583 .,·
770 3502 906 3568 alteram
925 3523 1030 3587 percas
1052 3503 1158 3569 clarile
1180 3503 1264 3587 qaod
1286 3524 1325 3570 ca
1347 3525 1381 3570 se

204 3608 295 3693 parii
316 3606 434 3682 aiala
459 3608 478 3686 ἓ
504 3609 543 3669 10
567 3607 613 3676 a
635 3608 673 3677 ia
696 3609 747 3676 aa
769 3609 862 3676 redas
885 3631 966 3694 qaae
989 3615 1067 3677 sami
1089 3610 1225 3677 aomima
1242 3656 1248 3671 .
1267 3658 1272 3671 .
1290 3615 1318 3677 ci
1340 3611 1380 3678 ia

206 3714 258 3781 iric
275 3714 368 3781 rabac
382 3731 463 3794 qaae
478 3715 606 3800 copulae
621 3722 714 3795 cara3
732 3712 872 3794 denique
888 3715 907 3795 ἓ
925 3719 942 3778 7
967 3716 1074 3783 colai
1082 3738 1139 3783 sec
1162 3717 1250 3784 caim
1258 3723 1380 3801 patara

206 3821 1377 3907 simpalaricrecaoiarcml.·.;ricmarasliderocaalairsaaolariai.

295 3926 421 3993 Restat
444 3930 483 3992 nt
505 3925 723 4008 parallelismi
738 3926 888 4009 exempla
912 3945 1105 4010 enumerem,
1126 3926 1266 4010 primum
1289 3947 1329 3994 ea
1344 3927 1379 3994 in

207 4031 324 4114 quibus
348 4031 411 4098 duo
439 4031 498 4098 illa
528 4034 674 4099 membra
701 4032 775 4116 pari
797 4034 970 4102 verborum
994 4033 1211 4101 collocatione
1232 4033 1379 4119 insignia
1465 4097 1469 4103 .

206 4138 310 4207 etiam
332 4141 468 4221 propter
489 4156 602 4219 parem
625 4138 691 4207 vim
715 4157 755 4205 ac
777 4138 943 4207 notionem
967 4139 1161 4207 coordinata
1183 4146 1271 4208 sunt.

207 4247 226 4329 fi
246 4252 261 4310 1
284 4248 396 4334 prima
416 4248 844 4333 accommodam„
869 4249 1259 4334 semmaapaopaao..,
1284 4251 1379 4318 teriia

206 4360 244 4420 at
260 4404 267 4421 .
286 4375 312 4436 .;

207 4457 251 4527 ib.
275 4466 397 4529 reama
418 4459 530 4548 Homo,
557 4460 717 4547 adlipaam
739 4459 910 4544 Homiaic;
