3184 5034
753 1452 840 1520 Pars
862 1454 891 1521 Ι.

381 1613 484 1729 De
512 1614 794 1750 syntaxi
820 1611 1266 1730 Varroniano.

342 1891 348 1900 ’
457 1911 502 2003 Α,
519 1910 581 2004 De
602 1910 864 2005 enuntiatis
883 1910 1190 2030 simplicibus

730 2088 788 2158 Oe
795 2094 872 2173 put
893 2091 921 2156 I.

669 2230 724 2300 De
747 2229 979 2317 proediooto.

789 2391 855 2474 §i

279 2547 284 2562 ·
328 2513 410 2583 Oum
444 2515 534 2600 opud
567 2534 679 2583 omnes
714 2514 894 2598 scriptores
925 2514 1068 2583 Latinos
1101 2515 1167 2582 looi
1200 2514 1412 2585 inveniantur

241 2621 357 2702 quibus
389 2621 618 2705 praedicatum
650 2625 782 2690 constet
813 2639 854 2689 ex
884 2623 984 2691 verbo
1015 2620 1227 2690 substantivo
1258 2639 1330 2688 oum
1354 2622 1411 2689 ad·

238 2726 351 2795 verbio
375 2727 590 2810 coniuncto),
615 2726 843 2800 Varronianos
859 2727 919 2796 hos
939 2732 1072 2796 tanturn
1086 2726 1157 2795 fere
1172 2727 1270 2808 looos,
1295 2727 1410 2809 quibus

240 2834 294 2901 hio
318 2852 397 2903 usus
419 2836 532 2919 paullo
547 2833 763 2902 insolentioro
779 2833 911 2902 ratione
926 2834 1090 2903 admissus
1113 2837 1176 2919 est,
1199 2833 1411 2917 proferendos

237 2941 370 3023 putavi:

328 3048 348 3116 I
373 3053 445 3133 13,o
470 3070 552 3133 quoe
574 3073 666 3120 nuno
688 3057 767 3120 sont
783 3051 938 3136 pleraque
960 3057 1081 3120 contro

329 3153 388 3222 eir.
412 3155 471 3223 HI
495 3161 548 3234 2,4
572 3179 654 3245 quoe
676 3157 745 3225 illio
767 3158 877 3226 omnio
899 3165 1011 3227 contro
1034 3152 1189 3244 [eburono]¹

328 3262 348 3328 I
383 3265 915 3350 nortpertinorum
943 3265 1065 3334 nostris
1097 3264 1187 3352 apris
1214 3264 1411 3350 proritent

238 3377 359 3440 noceat.
792 3401 794 3406 ·
1516 3379 1519 3386 '

329 3475 382 3544 VI
406 3481 446 3540 47
471 3477 556 3562 qood
577 3478 710 3546 animur
731 3478 779 3546 ito
802 3485 848 3546 ert
868 3485 906 3546 ut
922 3529 929 3545 .
947 3528 953 3542 .
972 3527 979 3544 .
990 3477 1132 3564 pervolet
1154 3496 1215 3557 quo
1237 3475 1309 3543 ooli.

327 3581 347 3647 1
378 3584 451 3660 20‚1
484 3584 575 3670 nimi
606 3579 659 3670 [s]
688 3585 796 3670 potius
818 3585 1033 3670 poenaliter
1062 3590 1100 3651 ot
1128 3584 1217 3665 sinn
1247 3597 1309 3661 quo
1340 3577 1411 3644 loeo

244 3685 348 3752 etism
370 3687 480 3771 potuit
503 3687 604 3756 scribi
625 3690 690 3759 otio
713 3691 823 3775 miore,
847 3687 933 3770 quod
955 3687 1080 3772 legitur
1101 3687 1141 3754 Π
1164 3691 1248 3770 5,10.
1425 3757 1428 3760 ,

333 3790 427 3860 VIII
452 3799 491 3858 13
509 3798 609 3882 prius
638 3797 726 3865 enim
755 3818 874 3866 booron
904 3803 949 3864 est
978 3817 1075 3880 orrum
1104 3795 1233 3862 verbum
1261 3799 1352 3880 temp.
1383 3799 1412 3860 et

243 3901 371 3984 rettqoo
380 3905 543 3986 posterius
557 3924 655 3989 quom
668 3924 786 3972 nomen
802 3911 831 3972 et
845 3904 981 3972 ouium
1013 3898 1080 3967 on.
1097 3897 1165 3984 Cio.
1180 3899 1275 3984 Brut.
1292 3902 1410 3980 83,288

248 4005 456 4093 Thucydideo
478 4011 688 4097 reposeens
709 4011 838 4094 fecissen
862 4025 923 4073 neo
953 4010 1066 4072 tamen
1095 4004 1194 4088 plane
1221 4004 1335 4072 eadem
1358 4006 1412 4070 est

237 4109 289 4178 vis
311 4107 405 4180 verbi
427 4111 642 4181 substantivi·
1177 4133 1181 4142 ·

329 4303 351 4373 ²)
371 4302 427 4360 Otr.
448 4305 599 4373 stiuner,
617 4303 662 4362 ‘de
685 4320 717 4361 oo
738 4319 790 4372 quo
815 4303 912 4360 Oiooro
936 4302 965 4358 in
983 4301 1112 4372 epistulis
1131 4316 1197 4357 usus
1215 4307 1259 4357 est
1277 4299 1409 4357 sermone’

241 4404 306 4460 pag.
318 4393 352 4446 24
365 4407 405 4459 sq.
425 4390 448 4446 Ο
461 4391 625 4464 muling,
644 4392 777 4450 ‘Versuoh
790 4392 868 4450 einer
880 4390 1102 4448 chuokteristik
1114 4391 1163 4447 der
1174 4395 1242 4445 rom.
1254 4387 1411 4459 Umgengs·

237 4478 360 4547 sprsohe’
379 4479 445 4538 Kiel
465 4481 534 4538 1873
551 4497 615 4552 psg.
635 4484 659 4539 7.
