3184 5034
687 269 907 330 ..35-

210 467 339 515 omnum
355 445 659 530 prospicientem
682 446 718 508 et
740 441 788 509 eis
812 441 893 508 loeis
909 440 965 523 qni
979 440 1078 524 plane
1094 440 1239 508 eiusdem
1254 441 1385 526 generis

211 555 289 618 sunt
311 551 456 630 117,14;
481 549 539 616 ΙΠ
556 554 641 631 9,15.
688 550 740 616 De
763 548 879 630 quibus
903 547 1091 631 disputavit
1112 547 1272 615 Heidrieh
1287 546 1386 620 ‘Ver

211 652 346 722 ronian.²
384 675 416 738 p.
450 660 489 720 10
514 673 576 737 sq.;
614 654 672 721 eir.
704 654 807 722 etiem
838 653 929 722 Keil.
961 653 995 720 in
1032 673 1143 720 eornm.
1176 654 1219 722 ad
1249 656 1269 721 I
1300 662 1384 738 23,3.

209 762 320 829 Minus
356 761 438 829 dura
470 764 641 828 structura
671 765 724 828 est
754 762 774 827 Ι
803 765 878 844 40,6
914 765 953 832 r'm
983 781 1212 848 qnoommmqne
1242 765 1386 832 arborem

210 873 339 939 inseras
355 919 362 938 .
381 920 387 935 .
407 871 479 937 ,o'to
501 872 642 938 inserere
665 877 784 950 oportet
805 872 1035 956 referentem
1057 872 1099 938 ab
1124 872 1283 956 frustum,
1313 886 1386 934 oum

210 974 392 1042 antecedat
426 973 611 1043 infinitivus
642 974 733 1041 ouius
764 994 822 1057 pro
854 975 1002 1043 subiecto
1035 975 1248 1046 aecusativus
1281 976 1384 1059 parti·
1421 961 1424 968 ’

212 1081 291 1164 eipii
313 1079 422 1164 aeeipi
445 1080 562 1163 possit.

692 1226 903 1234 -———.-—-

409 1399 468 1466 De
491 1398 726 1466 enuntiatis
750 1399 943 1468 relativis
967 1399 998 1484 (ἓ
1024 1403 1179 1482 26-31).

748 1504 845 1592 §aa

296 1614 345 1681 Ut
375 1612 566 1680 Wblfflinus
598 1611 715 1698 (Arch.
740 1613 794 1682 VI
824 1613 900 1695 101)
932 1612 972 1678 de
1000 1612 1112 1679 Asinii
1141 1613 1288 1680 Polionis
1319 1614 1383 1692 val,

207 1725 245 1786 nt
275 1720 406 1787 cautius
437 1721 621 1801 loquamur,
651 1720 691 1786 de
720 1719 809 1785 Belli
831 1718 941 1784 Africi
968 1719 1115 1786 auctoris
1143 1738 1205 1786 usu
1232 1721 1383 1788 enuntia·

208 1829 316 1893 torum
339 1826 553 1895 relativorum
577 1826 741 1893 disserens
764 1825 979 1893 vehementer
1007 1824 1178 1906 vituperat
1207 1826 1383 1911 neglegen-

207 1934 291 2000 tiam
319 1933 491 2017 soriptoris
520 1932 575 2014 qui
601 1951 833 2014 nonnunquam
861 1930 1035 1998 enuntiato
1065 1930 1209 1999 relativo
1240 1933 1383 2000 alterum

208 2040 416 2107 enuntiatum
446 2039 498 2106 ita
528 2039 689 2106 adnectat
719 2043 757 2105 ut
788 2057 830 2104 ex
860 2055 900 2104 ea
931 2055 1016 2118 quae
1047 2037 1174 2119 scripta
1205 2038 1252 2106 sit
1275 2040 1382 2107 forma

206 2145 405 2230 pronominis
428 2145 565 2214 relativi
587 2145 672 2212 alius
696 2163 794 2211 casus
818 2143 1027 2210 adulteram
1057 2144 1224 2211 enuntiati
1251 2150 1381 2226 partem

208 2252 453 2320 subaudiendus
476 2253 536 2318 sit:
565 2251 614 2319 sio
637 2251 762 2335 eadem,
787 2250 816 2317 si
839 2249 883 2316 ad
905 2251 1090 2321 Varronem
1112 2251 1294 2336 rettuleris,
1318 2270 1383 2319 non

209 2359 314 2426 minus
338 2363 431 2426 recte
455 2358 615 2425 dieantur.

296 2462 363 2532 Sed
393 2466 476 2532 haee
509 2464 583 2547 ipsa
614 2481 717 2532 eausa
748 2462 834 2544 quod
863 2460 1012 2530 videmus
1043 2463 1217 2546 utrumque
1246 2464 1282 2530 in
1313 2463 1383 2532 isto

207 2575 379 2639 structura
403 2570 611 2639 admittenda
635 2569 699 2637 sibi
721 2569 908 2654 indulgere,
933 2587 971 2634 eo
994 2587 1054 2635 nos
1079 2568 1222 2636 adducet
1245 2588 1287 2636 ne
1309 2590 1382 2654 per·

206 2697 337 2746 versum
367 2677 522 2745 iudicium
553 2677 712 2760 feramus,
743 2694 815 2744 uum
848 2675 998 2743 oonolndi
1020 2674 1096 2742 inde
1119 2675 1223 2742 lioeat
1246 2695 1311 2743 non
1333 2676 1382 2744 in·

206 2785 355 2853 auditam
379 2803 484 2865 neque
508 2784 590 2851 adeo
613 2801 723 2850 reram
748 2800 820 2848 eam
843 2781 946 2850 fuisse
974 2781 1009 2848 in
1032 2801 1180 2849 sermone
1204 2782 1380 2850 cotidiano.

206 2890 315 2976 Quid?
338 2891 423 2972 quod
446 2908 487 2956 ne
511 2889 627 2957 Oioero
649 2889 778 2971 quidem
795 2925 838 2936 -
854 2893 892 2955 nt
908 2893 1037 2955 ceteros
1053 2888 1322 2971 praetermittam
1339 2927 1382 2937 -

207 2997 365 3065 eiusmodi
388 2995 602 3081 neglegentia
627 3014 662 3062 se
686 2995 860 3074 abstinuit,
886 2995 1032 3063 sednon
1056 2995 1159 3062 solum
1180 2997 1266 3063 hano
1281 2997 1381 3064 liuen-

208 3103 291 3170 tiam
316 3102 379 3169 sibi
402 3102 511 3178 sumit,
536 3120 650 3170 verum
674 3102 777 3168 etiam
800 3100 893 3168 illem
916 3104 954 3167 ut
977 3119 1019 3168 ex
1042 3102 1215 3169 enuntiato
1238 3103 1381 3171 relativo

206 3209 241 3276 in
265 3209 560 3278 demonstrativum
583 3207 780 3295 transeat1).

294 3317 368 3382 Iam
402 3315 615 3388 Varroniano
655 3315 806 3397 exempla
845 3318 883 3381 ut
919 3333 979 3397 per
1015 3332 1139 3398 genera
1174 3314 1380 3399 distribuam,

205 3421 324 3505 prioris
352 3421 484 3507 generis
512 3426 590 3488 sunt
618 3421 654 3489 hi
680 3420 757 3488 loei:
793 3421 851 3488 IX
881 3427 897 3486 7
926 3430 1168 3509 praenossent
1196 3426 1382 3509 elicietque

206 3531 276 3598 illio
298 3532 457 3614 praeterii
488 3532 523 3594 et
546 3529 565 3594 Ι
590 3534 640 3612 1,7
669 3533 708 3598 im
735 3531 808 3615 quis
834 3548 915 3609 quoe
937 3551 1007 3598 mom
1028 3532 1165 3598 tomam
1187 3537 1217 3598 et
1238 3549 1380 3614 quaeres,

209 3635 326 3716 quibus
358 3653 400 3701 ex
428 3633 628 3716 pronominis
659 3633 972 3720 nominativorum
1001 3633 1185 3703 accusativi
1216 3633 1307 3701 notio
1338 3634 1382 3702 ab

209 3741 350 3808 alterum
378 3742 512 3808 verbum
536 3739 769 3807 transferenda
793 3737 895 3827 esti),
920 3758 992 3806 oum
1020 3759 1061 3806 ex
1089 3740 1280 3808 accusativo
1303 3760 1376 3824 pro·

281 3969 305 4039 ¹)
323 3967 366 4023 De
391 3967 443 4024 heo
455 3983 487 4023 re
506 3972 535 4023 et
553 3967 780 4036 insequentibus
799 3967 848 4024 eir.
868 3965 968 4038 Reisig
985 3983 1048 4038 pag,
1069 3970 1119 4023 111
1139 3973 1197 4026 not.
1210 3970 1277 4038 37³3
1289 3969 1379 4025 Kithn.

205 4073 231 4127 p.
252 4056 319 4125 8743
346 4055 473 4112 Sehmala
492 4057 538 4122 Sy.
564 4056 581 4128 ξ
606 4059 665 4112 246.
703 4057 854 4126 Perperam
876 4056 1005 4111 thnast
1023 4055 1083 4114 Liv.
1103 4055 1181 4125 Synt.
1205 4073 1230 4127 p.
1250 4058 1285 4112 58
1311 4063 1379 4113 extr.

206 4144 267 4216 (eir.
286 4161 313 4214 p.
333 4146 384 4198 195
409 4145 490 4215 med.)
509 4150 679 4200 structuram
697 4161 713 4200 e
732 4146 839 4200 Graeoa
857 4144 1010 4214 profestum
1029 4160 1090 4201 esse
1110 4145 1263 4202 contendit.

278 4233 301 4304 ²)
319 4233 413 4290 Ceteri
437 4239 565 4290 amotores
590 4249 624 4290 ea
646 4249 677 4291 re
700 4233 832 4289 differunt
855 4249 873 4289 a
896 4235 1033 4303 Varrone,
1053 4234 1124 4302 quod
1143 4234 1217 4304 apud
1236 4249 1297 4301 eor,
1318 4248 1379 4288 enm

204 4336 258 4379 non
276 4320 319 4378 ita
337 4337 400 4378 raro
420 4338 453 4378 ex
471 4321 639 4391 pronominis
657 4322 769 4379 relativi
787 4337 849 4392 gen.
863 4321 919 4378 dat.
934 4323 988 4378 abl.
1006 4322 1204 4392 intelligendus
1224 4321 1262 4377 sit
1274 4320 1375 4379 nomin.

203 4416 256 4465 ant
274 4425 378 4479 aeone„
397 4409 539 4466 rarissime
557 4417 666 4466 tantum
685 4427 720 4467 ex
737 4410 906 4466 nominativo
925 4411 1060 4466 transitur
1078 4411 1114 4465 ad
1132 4409 1286 4466 eoousatiri
1305 4410 1379 4466 noti·

206 4512 294 4553 onem.
330 4499 385 4556 Ubi
404 4497 497 4556 ιιιιιδιιι
516 4498 625 4569 aooidit,
644 4515 677 4556 ea
696 4499 796 4555 saltem
818 4514 849 4554 re
868 4499 984 4554 durities
1005 4498 1201 4567 quodammodo
1222 4499 1378 4570 mitigatur,

1181 4603 1219 4660 a*
