3184 5034
709 265 928 336 ..53-.-

226 454 318 523 tirus
349 452 388 518 H
420 457 471 534 5‚5
504 460 670 538 praetereo
700 453 764 519 seio
799 451 886 518 huue
916 473 980 518 esse
1009 454 1049 518 iu
1078 468 1169 530 queue
1198 451 1404 537 potissimum

226 562 377 648 Iuppiter
411 581 443 627 ee
474 561 641 627 eouoertit
670 610 677 625 .
707 609 730 643 .,
761 559 850 626 huuc
879 579 944 625 eree
976 559 1033 642 qui
1059 557 1151 643 filios
1180 558 1328 642 Neptuni
1356 609 1364 624 .
1395 608 1402 624 .

228 674 432 838 servassttiam
455 770 490 836 ln
521 769 661 851 obliquis
688 767 1005 854 interrogationibus
1016 769 1043 856 ¹)
1074 769 1238 837 interdum
1262 803 1305 816 “”
1327 785 1404 834 ram

229 897 310 946 sane
333 914 377 926 -
400 877 603 946 indicativus
625 875 758 944 videtur
780 881 935 944 servatus
959 893 1049 958 esse,
1074 881 1166 943 oerte
1188 875 1340 944 inlibris
1364 874 1404 941 de

227 986 251 1051 1.
275 984 313 1054 l.:
339 1001 533 1066 quamquam
557 1001 788 1066 nonnunquam
812 982 959 1050 dubitari
986 983 1099 1065 potest
1126 986 1237 1050 utrum
1264 982 1404 1048 interro·

229 1090 323 1176 gotio
358 1090 394 1157 in
427 1090 611 1159 indicativo
645 1091 739 1157 modo
774 1091 885 1174 posita
918 1109 977 1173 pro
1012 1089 1276 1175 interrogatione
1309 1091 1405 1156 reeta

228 1197 339 1281 potius
369 1217 412 1264 an
440 1215 498 1280 pro
528 1196 661 1278 obliqua
689 1197 882 1279 accipienda
911 1196 966 1263 sit.
1014 1194 1115 1263 (lette
1138 1215 1166 1263 e.
1190 1217 1223 1281 g.
1247 1195 1339 1266 VIII
1363 1199 1404 1258 33

230 1303 338 1391 u'(ea
361 1302 517 1388 analogia
541 1303 707 1386 sequenda
731 1308 784 1371 eet
806 1304 912 1385 nobis)
937 1327 1017 1391 quoe
1039 1326 1109 1374 uou
1137 1312 1183 1373 est
1209 1305 1249 1372 iu
1276 1325 1405 1372 cousue-

229 1415 357 1498 tudine,
389 1399 592 1493 quaeremus:
619 1419 657 1480 ut
683 1415 817 1497 quiaque
843 1414 906 1480 duo
934 1413 1027 1480 uerbo
1055 1413 1095 1480 iu
1117 1417 1269 1497 quattuor
1291 1411 1407 1496 formis

226 1522 369 1606 fiuuerii
391 1522 550 1604 similiter,
574 1521 720 1604 quemvis
742 1521 818 1587 huee
837 1521 988 1604 uelimus,
1011 1525 1120 1587 tuueu
1135 1525 1232 1586 eruut
1246 1519 1407 1600 sequeutia

231 1635 268 1695 ut
297 1628 442 1712 Iuppiui
472 1626 704 1711 Morsuitreu?
738 1629 874 1707 propter
909 1627 1017 1690 totum
1052 1623 1117 1689 looi
1148 1627 1303 1689 naturam
1335 1623 1406 1689 sola

231 1731 452 1815 interrogatio
488 1735 582 1797 reeta
619 1734 699 1814 apte
734 1730 959 1814 intellegetur.
1018 1729 1136 1795 Paullo
1172 1733 1285 1795 autem
1319 1727 1407 1795 infra

232 1837 267 1926 (ᾖ
302 1844 340 1903 71
373 1841 457 1908 Item
486 1848 647 1926 quaeruut
677 1842 707 1906 oi
736 1841 779 1908 sit
808 1840 960 1925 ouologiu
995 1859 1053 1905 our
1087 1839 1265 1924 appellunt
1300 1859 1408 1905 omues

234 1949 341 2015 euleu
367 1945 474 2014 Deum
503 1946 710 2016 Gouoeutiuru
738 1954 768 2014 el
794 1967 862 2014 uou
889 1945 1034 2013 Deorum
1058 1942 1289 2014 Ooueeutiuue?
1324 1944 1409 2011 Juu

233 2077 292 2121 uer
326 2055 477 2122 dicutur
508 2055 594 2121 mille
625 2054 824 2136 Deuoriuur,
860 2075 930 2121 uou
959 2054 1045 2120 uu'lle
1074 2051 1299 2121 Deuoriuuu
1329 2050 1406 2128 eto.)

234 2158 386 2239 obliquae
409 2163 448 2225 ut
470 2158 604 2225 videtur
626 2157 899 2242 interrogationis
923 2156 1139 2224 indicativum
1154 2160 1230 2239 post
1246 2155 1409 2238 quaedam

234 2267 337 2333 verba
373 2264 497 2348 exeipit
529 2263 756 2332 eoniunotivus
771 2262 796 2343 ²)
833 2281 928 2344 quem
959 2281 1039 2329 eane
1070 2262 1105 2329 in
1135 2262 1244 2345 priore
1282 2276 1408 2344 quoqne

232 2373 378 2439 membro
401 2371 602 2454 interpretes
626 2369 907 2438 desideraverunt.
947 2369 1003 2435 An
1027 2369 1129 2435 etiarn
1152 2368 1214 2435 hoe
1233 2368 1304 2435 loeo
1319 2366 1409 2451 prior

234 2497 312 2562 pars
337 2477 531 2561 aooipienda
554 2481 607 2544 est
630 2496 689 2560 pro
704 2481 800 2544 reeta
815 2476 1079 2562 interrogatione
1094 2493 1153 2559 pro
1170 2495 1235 2558 qua
1250 2475 1285 2541 in
1300 2475 1408 2541 altero

235 2585 378 2651 membro
410 2584 542 2665 obliqua
573 2583 745 2667 supposito
775 2582 842 2650 sit?
858 2582 883 2669 8)
933 2583 1047 2650 Etiam
1075 2585 1109 2654 V
1135 2589 1211 2665 140;
1243 2583 1281 2649 X
1305 2581 1410 2667 9;.X

236 2698 276 2755 58
301 2695 387 2758 extr.
412 2691 568 2775 leguntur
591 2689 767 2758 indieativi
790 2689 915 2756 formae
937 2707 1134 2772 quaequam
1157 2691 1250 2756 reete
1272 2687 1408 2754 tradan-

234 2800 292 2864 tur
314 2801 349 2863 et
372 2793 615 2864 nuno'oertunt
638 2796 851 2882 grammatici
874 2802 910 2862 et
933 2813 1061 2878 semper
1076 2795 1118 2863 fis
1134 2795 1199 2862 erit
1215 2796 1275 2862 sub
1290 2792 1408 2876 indice,

235 2923 309 2972 oum
331 2902 445 2986 aequis
469 2904 569 2971 armis
592 2903 725 2986 utrique
754 2907 904 2987 pugnent
932 2921 1067 2984 quorum
1094 2901 1196 2970 alteri
1221 2901 1307 2969 idern
1335 2919 1409 2967 oon·

234 3011 378 3079 tondunt
402 3010 503 3077 alteri
525 3014 662 3096 negant.

326 3109 481 3185 (lotorum
513 3135 541 3184 o.
570 3137 602 3203 g.
626 3118 679 3188 VI
710 3121 749 3180 12
781 3119 899 3186 Dirum
924 3119 1023 3198 prius
1053 3119 1111 3200 qui
1140 3119 1272 3186 deorum
1301 3137 1408 3199 eouso,

236 3235 306 3296 tuu
328 3219 386 3312 qui
407 3228 549 3296 homiues
564 3233 656 3295 suut
671 3228 815 3295 instituti
831 3222 1039 3290 enuntiatum
1054 3241 1119 3290 non
1133 3220 1411 3306 interrogativum

238 3338 300 3416 est,
325 3331 385 3399 sed
406 3331 595 3409 relativum,
619 3331 739 3398 omisso
762 3330 914 3398 nimirum
937 3329 1197 3399 demonstrativo
1220 3327 1410 3412 pronomine
1493 3342 1497 3346 ·

237 3443 274 3509 de
296 3442 340 3509 iis
362 3438 510 3526 (diebus),
535 3438 593 3506 eir.
618 3457 719 3522 supra
741 3458 773 3522 p.
791 3443 843 3502 43.

330 3723 353 3792 ¹)
373 3720 429 3778 Gir.
443 3721 568 3777 Sehmaln
580 3721 596 3791 ἕ
609 3722 663 3776 214
674 3743 710 3768 =
723 3719 760 3791 ἦ).
779 3719 833 3776 476
846 3720 916 3778 mod.
953 3721 995 3777 Da
1007 3719 1148 3777 Ciceronis
1160 3734 1214 3775 unu
1231 3719 1281 3778 oft.
1295 3719 1411 3777 Thielm.

236 3827 263 3880 ll·
282 3812 354 3968 4321Ι)
373 3868 606 3954 Plautuuuell.
626 3897 692 3956 190:
711 3897 770 3952 vide
789 3915 859 3971 quae
877 3898 928 3954 sim
947 3901 973 3952 et
990 3913 1059 3970 quae
1075 3896 1123 3969 fui
1140 3901 1211 3963 aute,
1236 3896 1285 3952 ofr.
1304 3895 1412 3954 Loronz

199 4037 201 4041 .
237 3985 271 4042 ad
291 3987 316 4042 h.
336 3986 356 4042 l.
376 3991 405 4041 et
422 3986 538 4055 Beelrer,
557 3985 679 4042 Studem.
698 3985 774 4042 stud.
794 3987 808 4041 1
825 4004 851 4056 p.
872 3987 932 4043 296.

330 4075 351 4145 ⁸)
370 4075 414 4130 Ex
433 4074 557 4130 oratione
574 4073 687 4143 obliqua
705 4074 843 4130 transitus
863 4074 898 4129 ad
916 4078 1021 4131 rectam
1035 4073 1083 4142 qul
1095 4073 1197 4130 cetaria
1211 4088 1317 4143 quoqne
1331 4073 1412 4143 aerip-

239 4163 351 4220 toribur
370 4163 492 4220 usitatus
512 4170 556 4220 eet
575 4165 635 4235 (err.
655 4164 767 4220 Xthner
785 4181 812 4234 p.
833 4164 902 4219 1038
921 4180 947 4220 n.
966 4164 994 4234 o)
1013 4161 1085 4232 apud
1102 4162 1255 4219 Varronem
1272 4161 1413 4218 iuvenitur
1493 4165 1496 4171 “

238 4254 266 4308 11
286 4256 347 4323 1,27
368 4293 373 4308 .
394 4293 400 4308 .
420 4252 523 4308 subicio
542 4252 688 4325 Magonem
707 4257 734 4308 et
744 4253 908 4326 Dionysium
926 4253 1046 4308 seruere
1065 4295 1071 4308 .
1091 4289 1098 4305 .
1119 4293 1125 4307 .
1165 4252 1258 4319 Quare
1276 4268 1332 4306 uou
1351 4289 1358 4306 .
1378 4290 1384 4305 .
1404 4289 1412 4305 .

239 4341 376 4398 adsentiri
392 4358 487 4396 omues
505 4346 604 4398 terras.
642 4341 736 4414 Neque
755 4342 827 4397 euim
845 4341 1008 4397 hirundines
1026 4343 1053 4396 et
1069 4341 1191 4396 ciconiae
1210 4380 1216 4394 .
1236 4380 1243 4396 .
1262 4379 1270 4397 .
1290 4382 1296 4396 .
1315 4339 1345 4394 iu
1356 4355 1412 4394 om·

238 4430 320 4486 uibus
344 4432 427 4486 terris
450 4431 573 4503 pariunt.
610 4430 673 4486 Nou
700 4433 775 4488 scitis
794 4475 800 4488 .
820 4471 827 4485 .
848 4431 873 4486 .?
909 4427 1059 4486 Praeterea
1084 4429 1133 4486 ofr.
1155 4429 1185 4485 0.
1205 4427 1306 4484 Illlllor
1323 4429 1411 4499 prael.

237 4536 264 4590 p.
282 4517 411 4577 XXXIV.
