3184 5034
699 249 918 307 ..25-

313 422 333 487 I
356 426 431 496 41,4
455 423 552 507 ficus,
581 424 687 491 uatus
709 424 834 508 puar'cu
858 430 887 490 et
909 424 984 490 cc'tc's
1007 423 1136 503 (contra
1160 420 1274 488 ecdem
1295 438 1394 490 versu

227 531 408 610 sequuntur
430 529 533 596 verba
551 530 663 614 patara
685 537 715 597 et
737 551 905 614 cupressus
928 536 957 596 et
980 530 1072 607 oteal3
1096 529 1173 594 Ios
1196 530 1337 614 peustlc‘a
1359 536 1396 596 ut

224 659 314 721 uuae,
338 638 425 704 acala
447 643 476 704 et
498 638 607 720 sorba·
629 635 1203 720 11112,20usuuto‚tuuuueutuu
1225 643 1254 703 et
1270 638 1395 720 partia·

224 743 323 813 Ver
358 745 586 827 Vtadeuu’ator,
625 745 800 831 Vestr’pator
834 751 863 812 et
891 744 1047 826 Veuator;
1087 741 1145 807 IX
1169 747 1210 805 33
1245 745 1284 811 tu
1315 738 1393 828 [cor-

225 845 333 934 aibus]
358 852 473 934 tououc,
496 852 664 920 acutuuu
687 857 716 918 ct
739 873 891 935 equorum
913 858 1052 934 actura·
1075 847 1228 914 similiter
1250 847 1394 914 fortasse

225 955 327 1020 etiam
350 953 383 1020 in
408 954 524 1038 fragm.
550 955 590 1022 de
613 954 687 1022 vita
710 956 748 1022 P.
766 956 806 1022 R.
830 956 889 1022 ΠΙ
911 987 952 1008 =
976 955 1061 1021 Non.
1085 974 1117 1037 p.
1140 960 1258 1040 5222„
1283 973 1393 1035 quam·

224 1080 321 1143 quarn
344 1063 447 1129 verba
478 1081 542 1128 non
573 1062 706 1146 integra
738 1081 811 1129 esse
843 1063 967 1128 elucctt
993 1065 1248 1149 ..faettalesque
1277 1065 1395 1148 utptuta‘

224 1172 281 1252 qu·
311 1171 348 1236 de
378 1171 429 1236 lu's
460 1171 553 1237 rebus
585 1177 813 1257 copuoscereut,
847 1171 1030 1238 iudicarent
1060 1176 1095 1237 et
1126 1174 1311 1254 statuerent,
1338 1164 1393 1256 [et]

224 1278 469 1344 coustitueruat.

314 1380 379 1449 Sed
402 1380 469 1446 iam
492 1380 587 1446 huius
611 1399 767 1448 excursus
795 1380 892 1446 finem
915 1379 1086 1464 faciamus,
1118 1384 1156 1446 ιιι
1186 1384 1394 1447 revertamur

224 1486 268 1552 ad
291 1487 465 1569 asyndeta.

312 1594 443 1663 Verba
466 1592 590 1660 finita
614 1595 685 1660 duo
706 1592 873 1676 particula
888 1611 954 1660 non
970 1593 1145 1660 coniuncta
1161 1593 1243 1660 dura
1262 1593 1393 1661 ratione

224 1700 351 1781 scripta
366 1699 520 1768 videntur
535 1701 575 1768 Π
591 1706 666 1782 2,14
687 1725 759 1770 acra
779 1724 887 1771 carues
909 1710 1129 1788 coaceperuut,
1146 1725 1264 1770 rursus
1279 1704 1394 1770 artetes

223 1811 417 1892 secerueudt,
449 1811 496 1877 tta
525 1810 622 1896 factis
639 1811 871 1896 praepuata'bus
894 1812 977 1893 quod
1007 1817 1086 1877 saut
1106 1809 1237 1883 uclestc',
1270 1810 1392 1877 ocsuut.

224 1912 290 1980 Sed
312 1913 379 1979 iam
403 1913 554 1999 Scaliger
575 1932 607 1980 v.
633 1918 746 1984 obsuat
776 1913 879 1980 deleri
908 1915 1078 1996 voluerat3
1111 1917 1228 1979 contra
1250 1912 1332 1979 Keil
1357 1913 1392 1978 in

222 2020 340 2088 vocula
364 2024 412 2089 tta
434 2020 520 2104 (cum
535 2023 641 2107 factis,
665 2023 704 2086 ut
718 2019 904 2104 videbatur,
929 2019 1108 2103 iungenda)
1132 2038 1190 2086 suo
1206 2018 1277 2085 iure
1293 2019 1391 2086 offen·

224 2125 303 2190 dens
327 2125 504 2191 substituit
527 2129 594 2195 c‘ara
617 2125 689 2212 (cfr.
713 2126 752 2192 II
778 2132 850 2208 7‚12
875 2129 1042 2196 curriculis
1065 2129 1132 2196 tara
1155 2128 1272 2213 factis).
1320 2129 1392 2210 Ego

223 2236 262 2297 ut
286 2231 383 2297 simul
414 2233 600 2314 asyndeton
628 2233 812 2316 tolleretur,
847 2253 906 2316 pro
937 2238 985 2303 tta
1015 2235 1251 2315 exspectabam
1281 2252 1393 2301 vocem

225 2356 290 2419 qua
315 2337 378 2403 tali
400 2339 531 2404 ratione
555 2339 731 2406 enuntiata
754 2339 980 2424 iungerentur,
1008 2343 1046 2405 ut
1070 2358 1172 2406 causa
1203 2338 1393 2406 secernendi

226 2443 351 2510 arietes
374 2443 587 2524 indicaretur,
619 2445 713 2513 velut
737 2450 794 2532 qut
817 2465 843 2512 s.
867 2470 954 2516 auu.
984 2445 1050 2514 Sed
1072 2445 1276 2513 Ribbeckius
1299 2465 1392 2529 prae·

227 2554 342 2633 ceptor
373 2551 582 2618 doctissimus
614 2552 788 2618 certiorem
818 2571 870 2617 me
892 2552 974 2618 fecit
1002 2552 1043 2617 de
1065 2552 1156 2619 vocis
1179 2555 1228 2622 o'ta
1255 2571 1316 2619 usu
1337 2571 1393 2635 po·

224 2654 389 2723 tissimum
412 2658 580 2736 Plautino,
605 2659 745 2725 aPetro
761 2659 899 2742 Langen
916 2657 1100 2742 (‘Beitrttge
1117 2679 1174 2726 zur
1188 2659 1309 2726 Kritik
1328 2658 1393 2725 und

223 2763 416 2846 Erklarung
440 2764 497 2830 des
512 2764 665 2830 Plautus’
682 2784 714 2847 p.
732 2771 792 2829 231
812 2769 895 2846 sqq.)
911 2765 1043 2832 uberius
1058 2765 1238 2843 illustrato,
1264 2764 1393 2846 quovis

222 2866 293 2934 eius
327 2869 369 2934 ab
400 2868 503 2950 ipsius
534 2868 721 2952 particulae
750 2895 830 2941 uam
860 2870 931 2938 fere
961 2890 1026 2938 non
1057 2870 1190 2942 diversa
1220 2876 1283 2939 est.
1320 2870 1393 2956 Qua

221 2973 355 3041 notione
380 2981 519 3057 accepta
544 2976 700 3059 expedita
724 2981 777 3044 est
800 2977 864 3044 loci
888 2977 1033 3045 offensio.

311 3081 425 3148 Oeteri
455 3082 519 3149 loci
549 3103 586 3150 eo
611 3084 776 3167 differunt,
806 3086 891 3166 quod
918 3086 958 3151 de
982 3084 1200 3152 enuntiatis
1230 3085 1391 3168 duobus,

220 3207 285 3254 non
321 3188 361 3254 de
391 3190 503 3256 verbis
535 3190 656 3275 agitur,
691 3191 785 3258 velut
812 3192 851 3257 H
880 3197 954 3269 7‚10
985 3194 1101 3277 Itaque
1133 3195 1170 3261 c‘u
1201 3193 1335 3261 statutis
1365 3199 1393 3258 et

220 3318 332 3364 auore
345 3299 510 3382 prohibere
526 3306 643 3383 oportet
658 3300 801 3382 duacum,
823 3300 933 3366 clausa
948 3300 1060 3367 habere
1075 3301 1157 3368 ostu'u
1172 3323 1210 3368 ac
1224 3302 1391 3385 fenestras,

221 3410 251 3470 et
274 3405 362 3472 c’uter
384 3405 532 3490 stapulas
554 3428 575 3472 a
594 3407 798 3490 praesepibus
827 3407 996 3474 iatericere
1018 3407 1186 3492 leuparios.
1222 3403 1295 3489 Quo
1321 3404 1392 3469 loco

221 3527 293 3575 cum
323 3507 391 3575 tria
420 3509 481 3575 illa
512 3510 551 3576 de
575 3509 692 3591 quibus
716 3509 830 3594 agitur
860 3511 946 3577 talia
970 3510 1048 3595 sint,
1079 3515 1118 3577 ut
1150 3511 1288 3594 primum
1320 3527 1391 3576 cum

220 3614 362 3681 secundo
386 3615 513 3682 arctius
542 3617 720 3683 cohaereat
743 3636 841 3699 qnam
864 3618 1062 3684 alterutrum
1092 3636 1163 3683 cum
1187 3617 1299 3701 tertio,
1330 3616 1392 3681 hoc

221 3720 324 3786 etiam
347 3722 521 3803 particulis
546 3723 756 3791 correlativis
781 3723 919 3807 exprimi
941 3724 1098 3792 videmus.

310 3825 470 3894 Similiter
504 3829 616 3911 posita
646 3849 711 3896 non
742 3832 795 3896 est
826 3830 1011 3897 coniunctio
1042 3830 1082 3896 II
1107 3834 1179 3911 10,5
1211 3832 1251 3900 tu
1276 3832 1391 3898 horum

221 3936 377 4019 euopta'oue
399 3936 476 4003 solet
490 3940 634 4005 accedere
650 3939 813 4019 peculiuuc
835 3946 892 4006 aut
915 3940 1028 4024 erupi,
1053 3945 1082 4005 et
1104 3939 1269 4022 stipulatio
1292 3939 1390 4004 iater-

219 4197 308 4253 stadio
327 4201 354 4251 ct
369 4199 552 4268 pumtaase'r's?
578 4199 815 4268 Frequentissima
839 4208 932 4257 eutem
956 4200 1025 4257 haec
1048 4199 1232 4271 coniungendi
1253 4199 1391 4255 reticent

220 4286 296 4356 apud
314 4286 479 4356 posterioris
499 4288 601 4343 aetatis
621 4289 785 4360 scriptorcs;
803 4306 867 4346 nam
879 4295 913 4345 ut
925 4290 957 4345 de
970 4288 1161 4360 grammaticis
1173 4289 1252 4346 velut
1264 4288 1388 4345 charisio

218 4374 353 4431 Diomede
372 4380 425 4434 etc.
445 4378 529 4446 plane
547 4383 663 4446 taceam,
682 4377 737 4433 iam
756 4379 830 4448 apud
847 4377 976 4433 Tacitum
1001 4378 1070 4435 eatis
1090 4393 1172 4448 saepe
1192 4378 1319 4445 occurrit,
1339 4377 1388 4433 cfr.

220 4462 425 4521 (lorber-street
441 4465 494 4524 lex.
512 4483 539 4535 p.
559 4467 645 4538 3903.
