3184 5034
711 235 929 296 ..71-

234 410 487 477 numerabimus.
532 409 625 494 Quae
648 408 755 492 figura
778 427 819 474 ea
842 427 878 474 re
900 405 1041 491 insignis
1066 409 1118 473 est
1142 406 1227 488 quod
1251 406 1407 491 grauiora

232 517 381 583 membra
412 516 446 583 in
481 519 620 598 utraque
655 520 752 596 parte
786 513 973 580 contrarias
1008 513 1103 579 sedes
1135 513 1296 580 obtinent.
1351 514 1407 582 Sic

235 641 388 689 numerus
415 622 450 690 in
478 624 585 688 altero
614 621 787 688 enuntiato
819 618 988 702 ascendit,
1021 619 1055 686 in
1086 619 1193 686 altero
1225 619 1406 704 descendit,

236 732 271 795 et
287 729 372 795 unde
389 726 540 811 proiecta
556 731 609 793 est
626 745 663 794 eo
678 726 767 793 redit
784 726 901 792 oratio.
938 724 1031 793 Solet
1055 728 1166 791 autem
1182 727 1266 792 haec
1280 729 1407 794 numeri

235 834 415 904 diversitas
439 833 490 899 ita
510 833 626 917 augeri
641 836 676 899 et
692 833 787 914 quasi
803 830 924 898 clarius
939 831 1078 913 proponi
1100 836 1138 898 ut
1154 831 1226 898 sine
1241 833 1407 915 particula

238 940 429 1024 copulativa
446 939 508 1006 duo
524 941 670 1006 membra
686 940 781 1006 iuxta
796 943 971 1022 ponantur.
1007 937 1090 1005 Mihi
1111 938 1253 1006 certain
1270 940 1408 1007 cbiasmi

234 1048 343 1132 figura
374 1047 620 1115 coniunctiones
652 1047 784 1129 saepius
816 1045 925 1112 omitti
956 1064 1053 1126 quam
1084 1045 1162 1112 addi
1192 1046 1286 1114 visae
1318 1052 1406 1115 sunt.

326 1154 544 1239 Quamobrem
562 1170 634 1218 cum
649 1151 894 1235 parallelismus
915 1155 1050 1234 propter
1065 1153 1280 1220 membrorum
1297 1155 1408 1235 aequi·

234 1263 343 1326 tatem
377 1259 412 1325 id
443 1259 569 1325 efficiat
599 1264 637 1325 ut
668 1258 775 1325 oratio
807 1256 990 1338 tranquilla
1021 1256 1150 1338 quidem
1183 1262 1217 1324 et
1249 1265 1407 1328 constans

237 1372 359 1449 currat,
388 1366 446 1432 sed
461 1367 525 1432 bac
540 1366 615 1448 ipsa
638 1364 830 1431 constantia
851 1363 994 1430 animum
1010 1364 1176 1431 audientis
1193 1371 1406 1449 commoueat,

237 1473 403 1540 cbiasmus
425 1475 555 1538 mutato
571 1472 772 1556 singularum
796 1470 942 1554 partium
957 1469 1190 1552 propositionis
1208 1472 1320 1538 ordine
1342 1491 1408 1540 non

235 1579 338 1646 solum
362 1597 544 1645 sermonem
566 1577 689 1656 variat,
714 1577 772 1644 sed
796 1578 898 1644 etiam
922 1575 1112 1643 sententiae
1136 1577 1311 1645 discrimen
1334 1598 1406 1661 per-

233 1685 316 1752 bene
340 1685 499 1751 illustrat.

771 1808 790 1895 s
816 1815 867 1872 te.

324 1931 507 2015 Frequenti
534 1933 567 1999 iu
594 1951 673 2000 usus
697 1933 861 2000 chiasmus
886 1935 938 2000 est
970 1951 1041 1999 cum
1072 1936 1232 2015 quattuor
1261 1939 1408 2004 membra

235 2039 323 2106 iuter
346 2058 383 2107 se
406 2039 598 2122 opponenda
622 2040 761 2125 singulis
785 2040 896 2109 verbis
912 2039 1108 2121 efficiuntur,
1132 2039 1226 2106 velut
1249 2041 1307 2109 ΙΙΙ
1332 2052 1405 2128 5,17

236 2149 352 2233 iircifcr
385 2149 544 2228 interdiu,
580 2156 677 2216 acciu
714 2151 879 2229 bosporum
916 2147 948 2217 V
985 2151 1047 2209 166
1086 2148 1151 2215 Ubi
1186 2148 1283 2216 lectus
1318 2146 1406 2235 [nam

235 2251 392 2336 Spengeli
408 2253 611 2318 coniectura:
638 2256 737 2321 ..ibi
771 2257 868 2322 locius
890 2252 1022 2321 videtur
1044 2251 1161 2318 infelix
1176 2255 1260 2338 esse]
1288 2261 1408 2326 mortui

237 2364 359 2446 fertur,
388 2362 533 2428 dicebaut
554 2361 724 2428 Feretrium
747 2364 860 2445 nostri,
886 2362 1000 2428 Graeci
1021 2358 1215 2441 φέρετρονῑ).
1254 2361 1295 2426 In
1323 2361 1407 2429 eius·

235 2465 308 2531 dem
332 2464 462 2549 generis
486 2465 655 2532 sententia
679 2465 741 2532 duo
773 2468 918 2533 membra
945 2465 1105 2531 interiora
1128 2465 1179 2531 ita
1203 2466 1406 2548 amplificata

232 2577 309 2638 sunt
338 2576 376 2637 ut
406 2571 589 2637 enuntiatis
626 2570 829 2639 secundariis
857 2571 1045 2638 efficiantur
1073 2572 1093 2638 Ι
1130 2577 1180 2653 2,1
1210 2584 1341 2660 ropoius
1368 2580 1406 2645 ob

232 2681 390 2747 aeditimo
413 2686 450 2745 rot
472 2681 576 2747 dicere
598 2681 770 2748 didicimus
792 2704 813 2749 o
830 2683 980 2766 putribus
995 2683 1124 2761 uostris,
1149 2688 1186 2748 iri
1214 2685 1407 2768 corripimur

232 2787 457 2854 oreoeaiibus
479 2787 625 2869 arboria
653 2789 691 2854 ob
718 2787 854 2862 aedituo,
887 2803 1023 2867 quocum
1050 2786 1121 2852 loco
1150 2784 1208 2850 cfr.
1236 2787 1323 2853 hunc
1351 2788 1406 2869 qui

231 2889 395 2958 simillime
430 2888 653 2958 conformatus
684 2895 737 2958 est
769 2891 808 2957 H
836 2896 888 2966 8,ss
916 2893 1074 2962 Arcadico
1107 2902 1143 2961 ui
1173 2896 1302 2978 antiqui
1325 2897 1405 2964 dice

231 3002 316 3079 boui,
353 3006 389 3066 ut
423 3020 483 3066 roos
517 3001 639 3084 experti
672 3022 785 3067 muros
815 2999 966 3067 Reatino.
1019 3000 1061 3065 In
1091 2999 1262 3079 utriusque
1294 3003 1405 3065 autem

231 3103 372 3185 exempli
405 3102 588 3170 enuntiatis
621 3104 825 3172 secundariis
856 3104 1106 3173 animadvertas
1137 3122 1274 3185 aequum
1306 3124 1405 3172 mem·

231 3210 364 3276 brorum
387 3209 541 3294 ordinem
566 3211 764 3293 praesertim
786 3209 901 3292 priore
917 3210 996 3276 loco.

770 3408 788 3489 s
814 3412 865 3470 su.

319 3528 428 3596 Multo
451 3528 579 3595 rariora
607 3529 797 3597 sedetiam
825 3529 873 3596 sic
897 3528 982 3596 satis
1012 3529 1117 3596 multa
1147 3532 1225 3596 sunt
1254 3529 1405 3613 exempla

232 3634 369 3701 chiasmi
377 3635 411 3702 in
420 3635 573 3701 membris
583 3654 667 3716 quae
675 3635 849 3718 particulis
862 3635 1112 3720 coniunguntur,
1122 3635 1193 3704 sive
1203 3635 1404 3718 simplicibus

231 3741 326 3809 velut
349 3741 407 3808 HI
434 3747 526 3824 16‚17
551 3746 673 3830 fripore
695 3746 795 3812 bieme
818 3752 847 3812 ei
861 3752 978 3812 cedato
1001 3743 1168 3828 corioro,·V
1193 3748 1255 3820 144
1274 3753 1406 3830 propter

234 3851 368 3917 colorent
382 3851 453 3918 suis
475 3849 813 3934 arbitraturum
831 3855 891 3913 145
915 3874 975 3936 quo
992 3854 1175 3936 conferrent
1190 3873 1267 3920 suos
1283 3859 1405 3920 corriro-

330 4041 353 4111 1)
371 4041 404 4095 In
423 4041 563 4096 simillima
586 4057 616 4096 re
635 4040 836 4109 parallelismus
860 4044 904 4096 est
923 4042 947 4096 V
966 4043 1000 4096 36
1018 4041 1086 4096 baec
1112 4042 1192 4096 etium
1213 4041 1314 4098 Graeci
1329 4045 1405 4109 νέμη,

233 4129 324 4184 rostri
346 4146 466 4184 nemora.
503 4130 621 4199 Propter
639 4129 803 4198 particulam
829 4129 917 4198 etiarn,
942 4134 974 4184 ut
1003 4129 1122 4198 videtur,
1146 4131 1175 4185 L.
1196 4130 1314 4200 Spengel
1339 4137 1405 4188 autc

233 4234 258 4274 r.
282 4216 382 4272 Graia
399 4218 485 4274 inseri
503 4219 630 4274 voluerat
648 4217 728 4289 quod.
757 4219 818 4273 Non
836 4216 993 4274 necessaria
1011 4226 1056 4274 est
1073 4220 1199 4286 mutatio,
1212 4219 1236 4274 si
1251 4220 1404 4276 Varronem

234 4305 398 4375 simpliciter
417 4306 538 4362 scribere
558 4307 678 4362 uoluisse
698 4307 877 4363 statuerimus
901 4307 969 4362 boec
993 4308 1074 4362 etiam
1097 4323 1228 4372 nemora;
1255 4315 1320 4376 post
1338 4323 1403 4364 vcro

232 4395 273 4450 ita
286 4395 453 4451 sententiam
469 4410 531 4451 eum
540 4400 664 4452 mutasse
679 4402 710 4451 ut
723 4395 804 4452 simul
819 4394 954 4466 originem
968 4395 1086 4450 nominis
1101 4394 1202 4450 addere
1212 4395 1402 4452 constitueret.

229 4486 301 4541 Hinc
325 4484 396 4540 lenis
421 4483 631 4542 inconcinnitas.
669 4485 725 4542 Cir.
752 4501 821 4556 quae
839 4502 865 4556 p.
887 4487 919 4540 16
938 4485 998 4541 init.
1019 4483 1135 4540 diximus
1155 4484 1188 4540 de
1207 4484 1268 4541 loco
1287 4485 1330 4539 111
1349 4486 1403 4552 zi.
