3184 5034
648 223 865 281 „70-

259 399 471 482 Quantopere
495 395 548 462 his
570 393 651 460 loeis
676 393 825 461 omnibus
849 395 1022 462 verborum
1045 393 1096 463 via
1119 397 1286 478 augeatur
1302 411 1342 459 ea

168 524 205 572 re
234 505 318 587 quod
346 510 380 571 et
407 521 560 571 numerus
588 501 622 569 in
650 504 789 584 utroque
816 503 959 569 membro
986 500 1072 568 idem
1100 502 1199 584 plane
1227 503 1280 567 eat
1307 503 1342 566 et

171 611 286 679 eadem
302 611 463 679 voeabula
479 613 538 676 aut
560 613 651 676 oerte
675 607 841 675 simillima
865 607 997 674 easdem
1021 608 1117 675 sedes
1140 609 1267 691 tenent,
1292 605 1342 673 ita

171 719 378 801 perspicuum
403 720 457 785 est
481 719 518 783 ut
542 715 595 782 hio
620 716 834 783 adumbrasse
858 714 943 782 satis
967 715 1116 782 habeam.

709 912 728 993 p
753 916 804 974 54.

264 1036 330 1105 Sed
346 1054 417 1103 oum
435 1037 607 1119 appareat,
634 1033 662 1101 si
678 1032 775 1101 nimis
791 1053 890 1118 saepe
907 1033 1121 1101 adhiberetur
1136 1035 1220 1101 haee
1238 1032 1344 1100 forma

172 1145 207 1212 in
237 1163 302 1226 qua
330 1147 493 1226 quaterna
519 1141 575 1210 vel
602 1141 702 1224 quina
733 1141 879 1208 membra
910 1142 973 1208 tali
1001 1139 1094 1208 modo
1122 1141 1212 1208 inter
1235 1159 1271 1208 se
1294 1159 1344 1206 re-

174 1251 352 1335 spondent,
376 1248 447 1316 fore
469 1251 507 1315 ut
529 1248 681 1332 legentes
705 1265 907 1330 summopere
930 1247 1166 1332 fatigarentur,
1199 1265 1271 1314 eam
1294 1246 1345 1313 ita

172 1357 305 1428 variare
330 1355 473 1423 feliciter
497 1353 696 1422 studuerunt
719 1353 907 1438 soriptorea
939 1360 978 1421 ut
1006 1373 1078 1420 oum
1101 1354 1247 1421 ohiasmo
1272 1373 1344 1420 eam

173 1464 420 1547 coniungerent.
468 1460 536 1528 ofr.
562 1460 602 1527 de
632 1460 695 1527 hae
726 1479 762 1526 re
793 1464 927 1544 praeter
954 1461 1195 1545 Nigelsbaohii
1225 1461 1344 1528 librum

173 1575 204 1654 (ξ
231 1571 307 1655 169)
336 1569 438 1635 etiarn
462 1567 507 1632 Κ.
533 1564 660 1650 Meyeri
686 1585 796 1650 progr.
819 1567 974 1652 Magdeb.
999 1565 1125 1635 ‘Wort
1158 1568 1223 1634 und
1247 1566 1344 1634 Satn·

172 1677 319 1760 stelluug
347 1674 402 1740 bei
425 1670 562 1742 Sallust'
592 1678 674 1736 1880
698 1693 729 1756 p.
756 1679 807 1738 23.
855 1674 908 1741 En
936 1674 1073 1758 figurae,
1102 1672 1194 1740 ouius
1222 1692 1345 1758 genera

172 1801 277 1867 paene
299 1779 562 1863 innumerabilia,
586 1796 693 1861 panea
717 1778 911 1862 specimina:

172 1891 210 1956 X
235 1895 275 1953 39
466 1887 504 1955 Si
526 1889 669 1955 homiues
692 1889 871 1971 sustuleris,
896 1889 1017 1956 sedulas
1039 1890 1218 1973 sustuleris,
1241 1940 1299 1956 ...

302 1998 348 2064 sio
370 1998 446 2064 ilem
468 1997 498 2062 si
520 1995 689 2061 sustuleris
713 1991 819 2070 λόγον,
899 1997 1068 2064 sustuleris
1091 1998 1268 2083 iusuper,-

173 2105 282 2175 V12r
308 2105 355 2171 sio
376 2103 458 2170 dioto
482 2102 654 2188 quinquies
680 2095 777 2169 ‘Kulo
799 2101 888 2170 quo
913 2098 1044 2170 Coveliu'
1120 2099 1205 2153 abc

375 2209 488 2295 septies
511 2209 593 2275 dieto
680 2203 776 2275 ‘Kulo
799 2209 887 2276 quo
912 2205 1043 2276 Corellu'
1119 2172 1206 2296 bXa„

174 2319 264 2387 Vas
288 2314 476 2402 O.pu.uiiu
484 2314 860 2400 mllueupluribustsetis
958 2317 1169 2402 eouiuupitur
1206 2311 1349 2367 obedes

392 2422 439 2488 sio
461 2422 513 2488 bio
569 2423 1124 2508 eumuuipulispluribuseopulutur
1206 2385 1349 2510 ansgili

175 2526 329 2596 similiter
350 2527 384 2596 V
410 2531 470 2589 147
495 2534 533 2594 ul
555 2528 686 2612 quidum
709 2529 853 2596 seribuut
875 2531 958 2614 quod
979 2531 1024 2597 ibi
1046 2531 1147 2615 fuerit
1169 2531 1280 2597 hortus

554 2634 613 2701 ulii
875 2636 958 2720 quod
980 2637 1025 2703 ibi
1047 2637 1159 2704 domus
1180 2638 1298 2722 fuerin·

174 2742 208 2812 V
234 2747 295 2804 124
319 2743 376 2827 qui
399 2765 426 2808 v.
451 2743 479 2808 d.
504 2748 542 2807 ut
563 2742 680 2808 miuut.
704 2741 890 2825 fuuiereui,
914 2764 985 2829 up.
1010 2743 1047 2809 θ.
1072 2766 1154 2828 app,

323 2849 381 2934 qui
567 2848 733 2914 sumabuui
755 2848 883 2932 minut,
916 2871 938 2915 u
960 2872 984 2916 s.
1013 2848 1046 2915 S.
1070 2871 1174 2933 uom.,·

174 2954 194 3020 Ι
219 2959 271 3035 5,4
301 2957 343 3022 ud
365 2954 441 3021 solis
486 2955 690 3021 circumitum
712 2975 863 3022 uuuuum
921 2952 1007 3006 abo

301 3063 343 3129 ml
366 3062 463 3130 luuoe
485 3067 687 3128 meustruum
710 3081 841 3128 rursum
922 3025 1007 3148 mxl,

175 3167 258 3233 Item
280 3166 339 3258 ΙΠ
364 3170 475 3248 16‚2a;
499 3165 591 3235 VIII
613 3171 670 3246 493

176 3273 229 3345 VI
245 3278 285 3336 42
311 3281 419 3341 orator
442 3294 533 3358 opero
556 3274 677 3339 dieitur
700 3294 830 3340 euusum
1022 3271 1024 3314 ¹
1055 3289 1184 3359 elluo

310 3386 339 3447 ei
361 3401 500 3466 augures
523 3381 699 3465 augurium
721 3400 813 3465 opere
835 3379 991 3448 oliouuiur
1056 3395 1184 3466 adue)

176 3485 209 3558 V
233 3493 251 3549 5
285 3489 377 3573 quem
393 3508 535 3571 puerum
557 3487 667 3554 uidisti
688 3489 898 3572 formonsum,
965 3501 1093 3572 ahud)

283 3617 355 3662 eum
377 3594 464 3662 uides
486 3595 656 3680 deformem
678 3595 716 3662 iu
739 3602 864 3662 seueoiu
965 3609 1092 3679 a(od)b

177 3699 258 3766 item
281 3698 390 3783 119,1
416 3702 458 3769 ud
477 3702 590 3788 iugero
607 3698 855 3769 octrumum
878 3703 956 3789 iupa
978 3702 1041 3769 duo
1060 3699 1062 3753 l
1081 3734 1098 3772 a
1116 3715 1196 3788 (bo):
1221 3715 1313 3786 (bus

716 3895 733 3978 p
759 3901 810 3958 55.

267 4018 415 4087 Ohiasmi
441 4018 546 4104 igitur
574 4018 698 4086 formae
728 4038 799 4087 oum
828 4019 997 4102 anaphora
1021 4020 1217 4088 coniunctae
1240 4019 1274 4086 in
1297 4019 1348 4086 bis

178 4127 284 4196 ternis
308 4125 472 4192 minimum
496 4125 649 4192 membris
673 4126 763 4194 locus
787 4145 860 4194 esse
883 4129 1006 4209 potest.
1052 4127 1210 4194 Nonnulli
1237 4131 1348 4193 autem

179 4235 267 4303 inter
283 4235 371 4300 looos
388 4232 510 4299 allatos
528 4251 599 4299 oum
614 4233 665 4299 ita
682 4234 865 4316 conparati
882 4232 950 4299 sint
965 4239 1002 4298 ut
1019 4233 1186 4315 complura
1202 4235 1347 4300 membra

177 4361 237 4423 pro
261 4338 400 4424 singulis
420 4338 526 4423 aooipi
549 4339 651 4406 liceat
673 4339 778 4426 (velut
794 4341 828 4407 iu
845 4343 990 4407 extremo
1008 4341 1154 4423 exemplo
1171 4344 1284 4428 iuperu
1299 4337 1353 4410 CO

179 4451 214 4515 et
239 4448 425 4534 iugeribus),
458 4465 513 4512 eos
537 4446 650 4513 eodem
673 4446 744 4514 inre
768 4446 926 4530 simpliois
950 4447 1088 4515 ohiasmi
1111 4447 1268 4530 exemplis
1292 4445 1348 4512 ad·
