3184 5034
686 257 904 319 ..49-

299 429 473 512 Plerisque
489 432 602 498 autem
623 429 705 497 locis
721 449 794 497 eum
809 448 874 496 non
891 427 1037 498 sufficiat
1052 431 1155 499 rerba
1171 429 1388 514 distinguere,

211 535 492 620 interpretatione
523 555 604 620 opus
636 540 697 605 est.
752 535 941 604 Cuiusmodi
972 537 1155 620 exemplum
1187 537 1389 608 luculentum

209 644 336 730 legitur
358 645 377 710 I
402 649 476 726 2‚l2
507 647 585 714 duur
616 647 651 714 c'd
681 646 845 714 uobiscum
872 668 942 714 uua
972 647 1107 714 videatis
1134 668 1171 714 ur
1193 649 1281 714 uertit
1303 648 1388 716 uadi*

213 761 323 822 tumus
346 769 441 831 quem
465 749 509 816 ad
527 751 634 817 locum
649 750 740 818 Keil.
756 749 791 818 in
808 751 857 818 ed.
875 751 950 818 mai.
967 751 1191 818 adnotaverat
1209 751 1388 834 „fortasse

211 883 251 927 oe
272 860 412 930 eruut&
461 856 528 926 Sed
550 856 616 940 ita,
645 862 683 923 nt
706 856 814 924 omnia
838 857 935 925 salva
958 876 1033 924 esse
1060 857 1252 938 rideantur,
1283 859 1390 928 locum

210 963 455 1046 interpretatus
491 968 544 1030 est
574 962 783 1032 Richardson
814 961 867 1031 ‘de
904 963 1073 1048 particula
1108 961 1191 1032 dum’
1226 985 1302 1050 pag.
1337 970 1388 1032 63.

214 1070 361 1140 Similem
384 1069 553 1138 Ciceronis
575 1069 682 1137 locum
705 1069 823 1136 laudat
846 1070 980 1154 Drtger
1002 1070 1042 1137 H
1063 1089 1095 1153 p.
1121 1075 1185 1134 582
1212 1076 1298 1142 extr.

301 1177 431 1244 Deinde
467 1176 569 1244 etiam
605 1175 640 1243 in
673 1175 858 1244 enuntiatis
893 1175 1047 1244 relativis
1083 1175 1165 1243 locis
1197 1177 1391 1259 quibusdam

215 1283 443 1353 coniunctivns
468 1282 574 1370 (cuius
598 1302 682 1365 quae
705 1282 753 1349 ibi
775 1283 821 1349 sit
844 1282 911 1367 ris,
942 1301 1008 1350 non
1031 1301 1111 1366 opus
1141 1287 1194 1350 est
1217 1285 1390 1368 explicem)

214 1410 287 1460 cum
315 1389 499 1458 indicativo
527 1388 722 1458 coniunctus
749 1390 926 1461 invenitur.
976 1389 1061 1458 Dico
1091 1389 1152 1457 hos
1182 1389 1390 1473 potissimum

211 1497 319 1564 locos:
350 1497 370 1563 Ι
394 1503 446 1574 5,3
472 1518 552 1581 quur
575 1500 614 1568 c‘u
637 1522 671 1566 eo
693 1500 798 1585 fundo
822 1522 901 1584 opus
923 1505 1003 1568 suut
1024 1521 1061 1568 uc
1084 1499 1215 1567 dedecui
1237 1521 1303 1568 esse
1326 1500 1390 1568 eut

214 1613 307 1674 turae
330 1627 440 1685 ocusu3
465 1604 554 1686 Iar
578 1627 659 1689 quoe
681 1612 849 1674 moueatur
872 1612 966 1690 utque
987 1608 1027 1674 iu
1049 1606 1155 1691 suado
1178 1607 1310 1676 debeant
1326 1628 1391 1674 esse

215 1713 360 1780 culturae
390 1734 502 1792 causu;
533 1710 573 1777 H
598 1715 693 1794 10,1o
718 1712 808 1794 Quae
829 1715 872 1780 ad
901 1714 1116 1782 mletudu'uem
1139 1714 1309 1798 pertineat
1338 1715 1391 1782 ho-

214 1819 341 1888 miuum
370 1841 409 1887 oo
432 1820 559 1904 peeoris
589 1826 618 1886 et
647 1820 719 1886 siue
748 1821 868 1886 medico
896 1820 1009 1887 curora'
1028 1820 1169 1904 paruus,
1202 1821 1393 1906 mapistrura

215 1926 336 2010 scripto
357 1926 469 1994 totae
492 1931 619 2010 oportet.
667 1921 793 2008 Quibus
820 1922 903 1990 locis
926 1942 992 1990 non
1018 1922 1053 1989 id
1081 1927 1185 1994 solum
1214 1923 1271 1992 vix
1300 1924 1393 1992 casui

214 2028 437 2107 tribuendum,
474 2029 559 2112 qnod
593 2029 628 2096 in
663 2031 771 2096 altero
807 2047 934 2110 qnoque
970 2030 1113 2098 membro
1145 2029 1201 2111 qni
1235 2030 1393 2115 legnntnr

216 2136 418 2206 coniunctiri
440 2140 519 2203 sunt
540 2137 715 2205 verborum
739 2135 949 2203 auxiliarium
973 2154 1058 2216 quae
1086 2141 1250 2204 vocantur
1278 2135 1390 2224 (posse,

215 2246 347 2327 dedere),
382 2243 441 2312 sed
469 2262 512 2310 ne
543 2243 641 2326 aequi
671 2243 801 2324 quidem
833 2241 956 2308 ordinis
980 2245 1058 2309 sunt
1081 2242 1178 2310 binae
1203 2245 1393 2312 sententiae

214 2349 390 2433 particulis
414 2349 574 2417 additiris
598 2349 810 2416 coniunctast
833 2348 932 2416 immo
955 2353 994 2415 ut
1015 2349 1123 2417 medio
1146 2351 1295 2435 exemplo
1314 2370 1392 2420 usus

217 2456 392 2524 discrimen
425 2455 612 2540 ostendam,
644 2456 755 2525 verbis
788 2481 868 2543 quoe
894 2465 1062 2527 moveretur
1085 2456 1279 2539 exprimitur
1301 2457 1392 2526 notio

216 2563 371 2630 vocabuli
395 2563 564 2630 cuiusdam
588 2563 674 2644 quod
697 2568 732 2631 et
752 2567 897 2634 hmatues
913 2569 948 2630 et
963 2567 1125 2650 reliquum
1139 2567 1394 2636 instrumentum

218 2670 455 2754 amplectatur:
488 2670 691 2737 sententiam
718 2669 824 2754 igitur
851 2669 1052 2753 crepemus,
1083 2670 1168 2737 duae
1191 2675 1306 2753 partes
1328 2690 1394 2741 non

217 2777 432 2844 coordinatae
470 2782 562 2861 sunt,
602 2777 661 2845 sed
696 2777 805 2844 altera
844 2776 947 2862 priori
982 2775 1209 2856 subordinate.
1269 2777 1394 2848 Similis

217 2883 365 2951 condicio
390 2887 444 2950 est
471 2888 654 2950 ceterorum
690 2882 892 2971 locorun1),
928 2883 1046 2967 quibus
1080 2884 1161 2951 item
1194 2885 1393 2969 ostenditur,

217 2996 341 3073 quanto
358 2991 467 3060 Varro
491 2989 679 3057 sententias
704 2989 915 3057 coordinatas
931 2990 1103 3074 praeferat
1118 2990 1393 3058 subordinationi.

217 3096 332 3164 Keilio
354 3095 469 3181 igitur,
494 3096 550 3180 qui
573 3114 629 3164 eos
651 3096 742 3163 locos
757 3096 903 3164 mutavit
921 3115 1020 3179 pares
1036 3096 1156 3179 ubique
1171 3096 1265 3166 verbi
1281 3096 1394 3164 modos

218 3202 380 3287 efficiens,
410 3221 475 3269 non
502 3207 583 3285 puto
612 3203 875 3270 adsentiendum.
923 3203 1024 3288 (Nam
1055 3205 1093 3269 nt
1123 3203 1185 3270 hoc
1215 3203 1290 3273 leve
1313 3222 1394 3274 sane

219 3313 448 3393 argumentum
472 3310 606 3389 addam,
633 3315 929 3392 quantumcumque
952 3315 1176 3392 peccaverunt
1199 3309 1336 3389 librarii,
1359 3310 1395 3378 in

220 3415 347 3482 duabus
364 3415 517 3498 deinceps
533 3416 754 3500 paragraphis
769 3417 789 3483 I
802 3423 854 3498 5,3
868 3423 903 3483 et
916 3421 936 3479 4
951 3435 1086 3499 prorsus
1102 3417 1239 3484 eundem
1251 3434 1394 3483 errorem

220 3522 428 3590 commissum
452 3541 526 3589 esse
549 3526 642 3588 certe
666 3522 839 3589 admodum
861 3522 977 3589 mirmn
1001 3523 1080 3607 est.)

310 3628 457 3695 Transeo
482 3629 526 3694 ad
548 3628 652 3699 verba
674 3629 733 3694 111
758 3631 949 3704 lutterulis
974 3631 1092 3700 turum
1119 3630 1238 3698 adsidet
1264 3631 1304 3698 iu
1330 3629 1395 3698 loco

220 3737 395 3821 imruiuoto
425 3744 484 3806 aut
513 3759 547 3806 eo
578 3739 635 3822 qui
663 3737 745 3804 mule
775 3738 856 3804 oleat
885 3758 987 3821 ueque
1017 3738 1056 3804 iu
1087 3759 1121 3804 eo
1144 3737 1201 3821 qur'
1229 3737 1312 3806 douo
1336 3738 1396 3804 olet

221 3851 389 3930 uupueutu
412 3859 474 3924 qno
497 3843 570 3909 loco
593 3840 642 3909 sic
664 3844 797 3910 tantum
820 3841 986 3924 explicare
999 3839 1160 3923 ¹equidem
1188 3859 1320 3924 possum
1346 3840 1395 3908 in·

312 4053 332 4124 ¹)
352 4053 424 4108 item
442 4052 484 4106 IX
502 4053 537 4108 to
555 4052 678 4108 Alterum
696 4051 768 4122 (scil.
787 4051 896 4122 peceati
914 4050 1013 4121 genus)
1032 4051 1107 4122 quod
1123 4050 1245 4107 noudum
1264 4056 1306 4106 est
1323 4051 1394 4121 (scil.

224 4146 378 4211 receptum)
396 4145 423 4195 et
436 4158 588 4213 perperam
607 4141 724 4198 dicatur.
761 4140 831 4196 llam
850 4139 960 4212 peccati
977 4155 1066 4210 genus
1086 4140 1155 4196 illud
1173 4139 1208 4196 dc
1220 4155 1274 4209 qno
1286 4139 1396 4207 dicitnr,

221 4229 251 4285 in
278 4229 504 4286 consuetudinem
529 4230 648 4287 nondum
671 4236 814 4301 receptum
838 4243 900 4285 esse
925 4237 1030 4284 certum
1054 4233 1099 4284 est
1123 4259 1156 4270 —
1175 4229 1270 4296 itaque
1293 4227 1396 4284 indica-

222 4317 296 4374 tirus
316 4334 366 4388 -;
391 4334 457 4376 num
476 4326 569 4376 autem
595 4319 705 4376 omnino
723 4318 841 4388 aecidat,
860 4317 939 4374 utin
957 4317 1092 4387 loquendo
1112 4317 1316 4401 committatur,
1341 4333 1397 4373 non

223 4420 310 4475 seque
329 4411 451 4464 eertum:
474 4412 552 4464 recte
575 4407 664 4478 igitur
688 4406 878 4465 coniunctivae
900 4406 929 4462 in
947 4406 1038 4464 altera
1059 4411 1148 4477 parto.
1184 4405 1279 4466 Aliter
1296 4405 1398 4464 litller

223 4494 241 4548 l.
260 4495 278 4550 l.
297 4511 362 4566 pag.
381 4495 434 4551 869
452 4495 489 4551 in.

1201 4603 1220 4654 t
