3184 5034
676 225 892 284 -44-

196 400 324 480 busque
358 395 468 480 potius
504 401 678 478 exspectes
712 399 914 467 sententiam
948 399 1003 468 vel
1031 395 1289 464 condicionalem
1316 395 1372 464 rel

202 503 363 572 eiusmodi
385 502 524 570 similem
548 502 603 588 (de
626 522 688 584 quo
712 523 773 572 usu
796 507 855 573 cfr.
871 506 1013 574 Kiihner
1035 524 1065 588 p.
1083 509 1157 588 849,
1184 503 1254 590 12);
1277 502 1372 571 velut

200 611 220 677 Ι
255 617 295 675 63
320 613 377 680 sud
411 619 498 680 terra
531 614 588 691 qua'
620 613 736 682 tatur
762 617 964 700 fruareutura
997 616 1036 683 r'u
1069 614 1113 680 a'o's
1146 634 1224 697 quos
1258 619 1373 680 uocaut

198 721 287 786 sa'rus
304 770 311 786 .
329 768 335 781 .
354 771 377 803 .,
416 720 584 801 aliquanto
620 727 694 802 post
727 743 874 806 proruere
908 741 1005 802 aucus
1038 720 1205 805 aperueris
1240 725 1370 800 oportet.

196 823 314 904 Neque
345 822 432 889 enim
462 822 497 889 in
528 821 638 890 verbis
670 828 728 908 qur'
757 829 873 896 halem
903 830 967 892 etc.
999 823 1185 891 subiectum
1215 821 1372 890 infinitivi

198 928 361 995 contineri
389 948 431 995 ex
457 947 488 997 v.
513 934 714 1016 operueris
737 935 887 1016 apparet.
932 932 988 1000 Sic
1010 931 1082 1002 VH
1106 936 1147 994 93
1179 933 1293 1011 auidus
1321 952 1372 998 ras

198 1044 266 1105 erat
293 1039 333 1105 o'u
360 1039 589 1122 controuersia,
618 1061 656 1107 ea
677 1042 848 1108 uocabatur
876 1041 934 1124 aa·
961 1038 981 1104 Ι
1005 1041 1079 1120 20,3
1103 1060 1206 1123 aeque
1225 1038 1371 1122 pertiue-

198 1145 276 1212 aiter
308 1162 400 1224 quoae
434 1146 548 1231 feceris
574 1146 737 1224 deutrum,
771 1149 811 1215 r'u
838 1170 872 1214 co
899 1147 1114 1228 macariana
1147 1144 1167 1210 I
1196 1147 1270 1223 27,2
1301 1165 1372 1210 aera

197 1253 339 1320 sationes
360 1271 440 1331 quae
457 1251 561 1336 fiunt,
585 1259 706 1319 terrum
727 1255 841 1322 rudera
857 1255 1066 1334 praecludere
1089 1257 1208 1337 oportet
1230 1252 1293 1315 etc.

288 1356 431 1423 Praeter
454 1361 567 1423 cetera
590 1375 669 1426 vero
691 1359 777 1426 hunc
800 1377 893 1427 usum
916 1358 1020 1441 premi
1042 1356 1217 1432 voluerim,
1241 1373 1305 1437 quo
1327 1354 1372 1421 ad

197 1464 328 1546 partem
351 1462 455 1528 solum
479 1482 592 1531 earum
614 1481 742 1548 rerum,
767 1483 851 1548 quae
874 1465 908 1532 in
932 1463 1105 1533 enuntiato
1128 1462 1271 1531 relativo
1288 1481 1372 1530 com-

199 1571 403 1636 memoratae
434 1572 526 1645 sunt,
557 1569 593 1635 in
621 1571 835 1652 sequentibus
858 1571 970 1641 verbis
993 1570 1064 1640 sive
1087 1569 1277 1652 pronomine
1301 1569 1372 1637 sive

200 1675 308 1742 altero
340 1674 514 1742 enuntiato
541 1676 684 1745 relativo
714 1678 892 1762 respicitur
905 1677 950 1761 ¹);
983 1677 1040 1744 cir.
1068 1676 1160 1744 Keil.
1184 1676 1227 1742 ad
1254 1677 1274 1743 Ι
1298 1682 1371 1762 37,3

203 1780 259 1846 ubi
282 1780 338 1862 qui
360 1781 425 1848 loci
446 1781 578 1849 laudati
598 1789 688 1867 sunt,
711 1784 759 1851 eis
775 1785 872 1852 multi
887 1786 1025 1867 possunt
1041 1782 1129 1868 addi,
1152 1783 1247 1851 velut
1261 1783 1281 1850 I
1297 1788 1371 1864 45,2

199 1906 293 1968 quaa
320 1891 360 1957 r'u
383 1891 558 1960 seminario
580 1899 676 1976 uara,
700 1895 730 1960 sr'
753 1895 821 1962 loca
844 1901 940 1962 eruut
962 1895 1145 1980 fripido’ora,
1169 1911 1264 1972 quae
1286 1892 1374 1958 arolla'

199 2003 436 2080 naturarum,
461 2020 522 2082 par
544 1999 704 2067 drurralr'u
726 2006 866 2085 tempora
889 2008 989 2087 tepere
1012 2007 1130 2084 oportet
1152 2001 1230 2078 etc.;
1254 1997 1274 2062 I
1298 2001 1371 2072 69,1

200 2103 304 2184 Quae
319 2104 493 2188 amarae,
510 2105 684 2173 ulleadura
697 2124 792 2186 quae
807 2127 929 2192 quoque
944 2114 1081 2187 ternpore
1096 2111 1236 2190 oporteat
1245 2105 1374 2188 proma·

199 2206 259 2272 IX
293 2211 354 2270 112
387 2209 462 2290 Qui
490 2211 571 2278 uua
587 2263 594 2278 .
613 2262 646 2278 ..
670 2235 738 2282 uou
768 2220 855 2281 uter
874 2220 992 2297 parcat,
1016 2212 1098 2280 tollit
1120 2211 1297 2297 aaalopa'as
1321 2211 1374 2278 sed

200 2321 273 2382 uter
294 2321 377 2382 recte
399 2317 487 2399 aaut,
512 2319 692 2403 coufirmat.
716 2355 761 2366 —-
783 2319 823 2385 H
848 2325 920 2401 11,3
945 2321 1029 2389 casei
1043 2318 1213 2403 suificat,
1237 2317 1373 2385 maudut

202 2423 263 2489 uti
285 2428 364 2490 suut
396 2423 522 2506 bredula·
555 2421 634 2488 ibid.
665 2421 685 2508 ᾗ
710 2429 728 2487 6
753 2426 818 2507 Qut
848 2427 981 2513 asparai
1010 2427 1112 2494 soleat
1141 2425 1231 2507 sales,
1264 2423 1375 2490 melior

200 2530 323 2615 fossilis
351 2549 448 2611 quara
473 2531 644 2613 asarinus·
670 2531 704 2600 V
730 2534 790 2594 103
815 2533 904 2614 Quae
925 2534 965 2601 r'u
988 2534 1068 2601 ortis
1090 2537 1283 2614 corceatur,
1307 2530 1375 2597 ulra

195 2636 379 2722 pereprr'ua's
411 2637 570 2704 acutulis
603 2645 640 2706 ut
670 2639 796 2725 praecis
831 2639 976 2707 Ocurura
1006 2642 1070 2704 etc.
1102 2635 1198 2718 (Voci
1228 2637 1309 2704 alr'a
1339 2633 1374 2699 in

203 2748 219 2818 s
247 2745 309 2803 104
333 2740 437 2807 solum
452 2741 647 2810 vocabulum
667 2745 850 2814 Veruacala
864 2743 1089 2827 inscriptionis
1105 2742 1216 2810 instar
1230 2739 1374 2823 positum

202 2845 407 2929 responsat
440 2848 493 2918 vr
517 2854 557 2913 34
592 2850 644 2918 Aa
672 2853 730 2918 ros
759 2854 816 2936 qur
845 2854 963 2938 aaut,
987 2853 1083 2940 prta
1105 2874 1127 2921 a
1146 2851 1297 2938 procare
1319 2851 1374 2917 aa

203 2954 388 3025 quuarr’us
410 2957 606 3042 appellatus·
623 2960 784 3038 posterior
807 2961 871 3026 etc.

783 3105 835 3163 29.

290 3202 343 3268 De
377 3203 576 3285 pronominis
610 3102 759 3273 relativ?
777 3224 839 3272 usu
872 3205 1058 3273 dicentibus
1089 3203 1121 3270 ei
1151 3220 1278 3286 quoque
1310 3201 1374 3270 loci

201 3307 360 3375 laudandi
382 3314 470 3392 sunt,
501 3309 618 3391 quibus
640 3309 839 3393 pronominis
861 3310 997 3380 relativi
1020 3328 1173 3377 numerus
1196 3307 1373 3393 singularis

293 3487 315 3553 1)
335 3484 412 3550 Quae
432 3483 521 3554 igitur
538 3483 568 3538 in
587 3483 731 3540 enuntiato
749 3485 868 3542 relativo
887 3486 1072 3554 continentur,
1092 3501 1126 3541 eo
1143 3484 1199 3539 iam
1218 3481 1375 3539 accuratius

202 3573 370 3629 definiuntur
387 3573 437 3642 ita,
455 3581 488 3627 ut
506 3573 531 3628 is
549 3573 692 3641 terminus,
713 3573 760 3643 qui
778 3574 986 3645 angustioribus
1004 3572 1138 3630 limitibus
1152 3571 1375 3640 circumscriptus

203 3669 254 3730 est,
274 3662 334 3717 sine
352 3662 411 3717 ulla
429 3662 528 3730 copulo
547 3666 709 3732 apponatur,
729 3662 858 3718 similiter
877 3679 910 3718 ac
927 3662 1018 3718 Varro
1037 3678 1071 3718 ex
1090 3662 1187 3717 eodem
1205 3661 1289 3716 verbo
1308 3659 1375 3714 duas

202 3749 422 3821 praepositiones
446 3751 614 3820 suspendere
632 3751 759 3808 adamat:
782 3751 831 3807 cir.
850 3749 923 3808 Keil.
949 3750 984 3806 ad
1003 3752 1032 3806 II
1055 3751 1143 3820 praef.
1162 3753 1192 3818 ὁ,
1217 3748 1265 3804 ubi
1287 3763 1376 3818 pauca

203 3837 340 3895 eiusmodi
358 3839 484 3909 exempla
502 3847 636 3910 congesta
655 3845 735 3908 sunt;
753 3840 822 3896 item
840 3845 948 3909 tempus
967 3839 1072 3896 duobus
1084 3838 1226 3896 vocabulis
1239 3837 1375 3904 delinitur,

202 3927 280 3998 prius
301 3927 429 3998 generali
446 3929 539 3998 verbo,
558 3928 655 3984 deinde
670 3930 837 3998 accuratius,
856 3928 896 3984 Vl
912 3931 944 3983 13
963 3945 995 3984 aa
1011 3929 1055 3984 dia
1073 3929 1144 3984 caim
1163 3927 1234 3982 ludis
1252 3927 1375 3981 currant.

208 4017 329 4073 Prorsus
348 4018 445 4073 eadem
464 4017 572 4073 dicendi
588 4018 662 4074 ratio
680 4019 762 4075 huius
784 4017 839 4073 loci
862 4018 1016 4086 est113‚9
1035 4018 1186 4088 (numerus)
1204 4017 1233 4070 ia
1250 4014 1378 4086 arraldus

202 4112 244 4163 ast
260 4107 351 4162 minor
368 4107 484 4178 caprino
503 4123 584 4177 quara
602 4107 631 4161 ia
649 4105 747 4172 ooillo;
768 4106 844 4174 item,
865 4106 962 4175 quibus
981 4105 1050 4161 locis
1069 4105 1164 4175 agitur
1182 4105 1216 4160 de
1228 4103 1300 4159 binis
1314 4100 1375 4158 sub·

201 4194 300 4263 iactis,
325 4195 352 4248 11
370 4197 414 4262 43
434 4195 524 4266 itaqua
543 4211 667 4266 proauos
686 4211 719 4249 ao
738 4195 896 4267 superiores
915 4194 949 4250 da
965 4193 1115 4250 Tremellr'r'r
1127 4210 1205 4249 raama
1219 4191 1375 4265 appellatus

202 4283 305 4356 Scrofa
310 4303 322 4349 ;
339 4283 369 4338 11
386 4285 431 4352 4,9
451 4283 566 4355 ..quod
583 4285 741 4356 nuptiarum
759 4285 835 4339 initio
855 4284 961 4355 antiqui
978 4300 1058 4355 rapas
1077 4300 1110 4338 ac
1129 4282 1263 4355 salimes,
1275 4281 1329 4336 or'rr'
1345 4279 1374 4333 r'u

201 4372 318 4428 Etruria
342 4373 371 4428 r'u
394 4373 583 4429 couiuuoa‘oaa
611 4373 729 4445 uuptr'alr'
750 4390 820 4429 aava
848 4378 934 4444 nupta
958 4375 985 4428 at
1006 4388 1093 4428 uocas
1120 4371 1235 4426 maritus
1254 4369 1376 4440 primam

200 4476 315 4532 parcum
332 4460 477 4519 immolant.
