3184 5034
706 229 926 289 -55--

227 403 261 472 V
287 406 347 465 181
380 405 470 472 Hinc
497 403 653 472 dimmtmr
679 406 796 472 milites
818 405 951 473 detorti
977 407 1016 472 ab
1043 427 1115 473 cere
1136 408 1220 486 qood
1242 409 1401 494 stipendio

229 509 412 596 facerent),
436 508 493 575 ubi
515 514 649 591 spectat
673 509 901 577 coniunctivus
923 516 1067 600 facerem
1089 510 1132 576 ad
1155 529 1227 576 eam
1251 517 1401 580 aetatem

229 634 295 697 qua
319 615 533 683 Aerariorum
554 634 672 682 nomen
694 617 847 699 usurpari
871 622 1020 701 coeptum
1044 621 1111 701 est;
1136 621 1292 688 dimittor
1315 619 1401 686 euim

229 754 272 776 =
300 722 402 799 „dicti
424 728 502 789 sunt
526 726 561 789 et
585 722 794 790 etiamnunc
818 724 1007 802 dicuntur“;
1032 723 1186 791 similitor
1204 726 1236 795 V
1252 731 1304 802 40,
1329 743 1402 792 cum

227 829 371 912 perfecti
400 829 526 896 formae
555 832 641 898 dicta
671 829 767 896 simul
798 831 985 913 praesentis
1013 831 1170 914 temporis
1193 831 1285 898 notio
1308 831 1400 909 insit,

231 936 373 1020 scriptor
387 936 422 1003 iu
435 936 608 1003 enuntiato
621 937 814 1004 secundario
826 937 1070 1006 coniunctimm
1081 938 1269 1021 praesentis
1280 938 1400 1020 posuit.

810 1135 863 1196 36.

623 1240 680 1307 De
702 1134 907 1321 par§ticula
931 1265 1012 1309 cmm

199 1367 201 1370 ’
230 1363 289 1432 cfr.
315 1363 468 1433 Scbmalz
492 1364 548 1446 sy.
573 1367 592 1444 ξ
617 1370 680 1428 268
705 1383 775 1445 sqq.
800 1368 835 1430 et
859 1383 939 1446 quos
961 1364 1019 1431 ille
1041 1364 1168 1431 laudat.
1206 1365 1261 1432 Ex
1276 1361 1402 1449 origine

229 1470 417 1554 particulae
440 1489 461 1536 a
483 1469 681 1553 pronominis
705 1470 842 1538 relativi
856 1471 969 1537 radice
988 1471 1133 1553 petenda
1149 1491 1221 1539 cum
1238 1476 1402 1555 appareat

229 1578 367 1660 primum
390 1577 453 1644 soli
475 1576 657 1645 indicativo
680 1576 715 1642 iu
738 1575 790 1642 his
814 1578 997 1644 enuntiatis
1020 1578 1126 1644 locum
1149 1577 1267 1661 fuisse,
1298 1578 1402 1645 otiam

234 1684 320 1766 apud
343 1685 526 1755 Varronem
556 1683 622 1749 loci
652 1682 784 1764 quidam
807 1687 885 1750 suut
909 1683 1025 1765 quibus
1048 1683 1100 1750 ita
1122 1685 1256 1768 legatur
1278 1684 1402 1752 indica-

231 1790 321 1858 tivus
343 1803 382 1857 ut
404 1790 643 1874 interpretibus
667 1788 838 1856 offensioni
860 1789 974 1873 fuerit3
999 1791 1092 1859 velut
1108 1792 1180 1862 VII
1195 1796 1236 1854 45
1253 1794 1403 1862 madan

229 1900 426 1985 Pompilium
449 1902 497 1967 ait
513 1897 666 1984 (Ennius)
686 1901 799 1985 fecisse
815 1899 982 1984 flammeo,
1006 1900 1064 1978 qm
1086 1921 1159 1965 mm
1182 1921 1290 1966 omms
1312 1908 1405 1968 sumt

230 2030 251 2074 a
281 2008 421 2093 mapalis
455 2008 522 2075 deis
553 2008 778 2093 copmomirmti,
815 2007 854 2074 im
884 2007 1075 2086 qmbusdam
1105 2013 1263 2090 apparent
1292 2003 1402 2086 dmum

230 2112 321 2182 VIII
346 2118 386 2175 39
412 2114 501 2194 Quae
529 2136 601 2180 mm
628 2115 799 2199 iqmoromt
826 2113 972 2196 seqm'tm
995 2119 1032 2179 at
1055 2135 1127 2179 cmm
1150 2114 1334 2199 omoioqiom
1356 2115 1403 2180 di-

230 2242 297 2288 cere
320 2222 535 2304 nonpossint
562 2221 651 2304 seqm'
679 2221 827 2300 <mom>
855 2220 1028 2286 debeamus.
1074 2217 1225 2299 Uterque
1254 2237 1334 2285 sane
1357 2219 1404 2285 lo·

230 2343 288 2392 cus
321 2324 479 2391 facillimo
509 2323 644 2408 negotio
674 2322 798 2390 mutari
828 2327 955 2405 potest;
991 2341 1052 2389 neo
1083 2328 1197 2390 tamen
1228 2325 1404 2406 quidquam

230 2432 346 2498 obstat
374 2431 406 2498 ei
433 2430 721 2513 interpretationi,
746 2434 784 2496 ut
807 2429 842 2496 in
866 2429 1038 2496 enuntiato
1062 2431 1256 2498 secundario
1279 2437 1403 2515 tempo-

230 2538 314 2605 ralis
337 2536 428 2604 notio
452 2537 652 2603 remansisse
676 2534 854 2623 dicarunt),
884 2536 992 2602 altero
1019 2537 1090 2603 loco
1115 2556 1155 2603 ea
1178 2537 1307 2617 quidem
1331 2557 1405 2605 cum

232 2642 450 2710 condicionali
473 2643 658 2712 coniuncta.
694 2642 761 2711 Sed
775 2643 815 2709 H
832 2647 907 2726 11,9
926 2641 1060 2709 offensio
1081 2661 1178 2724 quam
1202 2643 1403 2712 indicativus

230 2751 415 2832 praebebat
439 2750 562 2832 optime
585 2751 721 2817 sublata
744 2753 797 2816 est
815 2769 835 2816 a
854 2749 969 2816 Keilio
992 2749 1026 2815 iu
1050 2750 1098 2817 ed.
1122 2749 1210 2834 mim,
1234 2750 1402 2834 interpun-

232 2858 339 2942 gendo
362 2857 515 2924 nimirum
538 2862 614 2940 post
636 2875 668 2924 v.
692 2866 794 2927 tomo.

319 2964 531 3032 Coniunctivi
558 2964 753 3030 insolentius
783 2963 885 3045 positi
916 2965 1000 3029 baec
1031 2964 1181 3046 exempla
1204 2965 1405 3033 videbantur

230 3070 426 3154 proferenda
466 3089 553 3137 essa:
593 3070 652 3138 ΠΙ
680 3075 754 3153 9,15
791 3068 1038 3155 (prodigendae)
1070 3094 1142 3139 cmm
1181 3080 1297 3140 comate
1335 3081 1404 3141 tam

230 3181 341 3265 atique
368 3203 440 3246 cmm
462 3185 626 3264 tempestas
653 3181 695 3246 sit
722 3179 825 3246 moitis
855 3185 948 3257 atqme
979 3181 1126 3263 apricam
1157 3178 1213 3244 ubi
1235 3197 1300 3245 uon
1324 3198 1403 3263 opus

231 3323 443 3330 ...ι-*ηυ-

323 3407 345 3474 ²)
364 3406 460 3461 Lectio
479 3406 624 3462 verborum
648 3405 791 3462 nonsatis
811 3409 928 3460 constat.
965 3405 1008 3459 An
1032 3405 1125 3462 deleta
1148 3408 1345 3476 praepositouc
1364 3408 1403 3463 ab

232 3494 405 3551 scribendum
434 3493 507 3550 Hmo
534 3493 662 3549 dicantar
692 3492 789 3549 milites
820 3494 949 3560 Aerarii,
982 3493 1038 3565 [ab]
1072 3511 1138 3549 aare
1164 3494 1238 3565 quod
1268 3494 1404 3567 stipendia

228 3582 373 3655 facerent?

325 3674 348 3743 Ε)
369 3672 495 3729 Scbmala
518 3672 536 3728 l.
555 3672 587 3727 l.:
618 3669 802 3742 „Bodingung
829 3671 875 3727 fiir
898 3671 1081 3742 Anwendung
1112 3672 1160 3728 des
1185 3672 1339 3730 Indikativs
1366 3673 1405 3728 ist

231 3762 377 3832 Wahrung
407 3759 462 3831 der}
481 3759 806 3830 usit-Solhstsnuigkeic
836 3760 885 3816 der
914 3760 956 3816 als
984 3760 1177 3832 Bostimmung
1201 3761 1277 3818 einer
1300 3763 1405 3820 andern

233 3851 481 3922 heraugeaogeuen
499 3849 675 3919 Haudlung“.
713 3849 764 3905 cfr.
782 3849 874 3905 Plaut.
892 3849 974 3904 Most.
995 3849 1065 3903 1140
1084 3854 1130 3917 (=
1150 3850 1220 3905 1155
1238 3851 1297 3921 R.):

409 3983 415 3996 .
436 3982 442 3996 .
462 3983 467 3995 .
487 3937 571 3993 Illdm
587 3937 703 4011 prodire
717 3938 806 4010 pudet
822 3939 851 3992 in
870 3942 1043 4009 conspectum
1062 3943 1135 3992 tuom

410 4027 529 4099 Propter
548 4045 581 4083 ca
599 4044 670 4098 quae
685 4028 761 4098 fecit,
780 4043 860 4098 quom
879 4032 904 4081 tc
924 4028 995 4082 scire
1014 4027 1071 4084 scit.

229 4117 277 4173 Ad
296 4134 376 4186 quem
394 4117 485 4174 locum
509 4117 581 4186 quod
605 4119 721 4172 adnotat
739 4117 846 4171 Lorenz
871 4114 1005 4172 eiusmodi
1023 4115 1092 4171 locis
1112 4116 1265 4186 particulae
1285 4115 1404 4172 comita

231 4207 323 4264 inesse
341 4207 482 4264 notionem
500 4206 680 4277 temporalem
699 4205 781 4261 simul
799 4211 828 4260 et
854 4206 992 4262 causalem
1010 4206 1090 4260 utin
1108 4206 1233 4275 ponendo
1259 4205 1338 4259 modo
1362 4205 1404 4260 in·

231 4296 352 4353 dicatim
380 4295 467 4367 priori
494 4295 601 4350 notioni
623 4295 714 4350 altera
739 4293 919 4351 subordinate
945 4309 1006 4350 esse
1028 4294 1171 4350 videatur:
1199 4309 1232 4349 ea
1256 4291 1403 4363 explicatio

232 4401 287 4442 nou
307 4386 418 4442 diversa
436 4388 481 4441 est
499 4383 675 4440 aScbmclaii
694 4389 903 4451 ceterorumque
923 4383 970 4451 qui
987 4383 1181 4438 Hoffmouuum
1201 4389 1360 4451 sequuntur,
1379 4383 1404 4439 si

231 4471 416 4532 addiderimus
430 4489 465 4531 ex
477 4471 624 4544 temporali
636 4471 749 4530 notione
763 4477 871 4530 ceteros
884 4471 1000 4529 voculae
1013 4469 1139 4528 notiones
1153 4485 1214 4528 esso
1227 4469 1401 4528 conventos.
