3184 5034
675 269 900 334 ..39-

292 446 445 528 Denique
476 447 553 527 quia
586 449 649 515 huc
680 447 849 530 pertinent
880 467 921 513 ea
952 447 1135 513 exscribam
1167 447 1374 527 quaerar

202 553 374 637 leguntur:
393 554 474 622 Asia
486 556 849 640 diciuoupucphuuquc
856 555 1152 640 etIupetotruditur
1159 555 1376 638 Prometheus,

206 658 297 726 cuius
321 662 585 745 structuraetut
609 659 742 727 Graeca
766 659 918 725 omittam
941 660 1034 727 velut
1057 659 1171 741 Eurip.
1193 659 1279 725 Med.
1299 657 1377 745 503)

201 764 388 848 exemplum
411 784 509 832 unum
533 767 638 832 habeo
662 766 747 847 quod
769 764 947 847 proferam:
978 766 1180 832 laudatura
1204 764 1377 832 Wolfflino

202 870 321 957 (Arch.
354 873 406 943 VI
432 871 509 958 102)
543 891 585 938 cx
615 871 703 938 Belli
730 871 840 939 Africi
867 889 915 953 cp.
946 878 986 935 80
1015 872 1075 937 im:
1110 875 1195 942 Erat
1227 882 1378 961 aucum

206 981 401 1065 salinorum,
426 983 512 1049 iuter
535 983 618 1065 quod
641 988 671 1049 ei
691 1003 780 1049 urcrc
794 983 964 1067 uupustiue
978 983 1177 1065 iuter-eruut·
1200 979 1258 1045 cfr.
1276 979 1378 1046 etiam

202 1083 332 1150 wollt.
357 1084 392 1152 in
416 1104 529 1152 comm.
554 1086 651 1152 adh.
676 1085 699 1151 l.

746 1281 765 1361 p
790 1285 842 1344 27.

295 1405 416 1487 Venio
434 1420 476 1486 ad
508 1419 746 1486 attractionem
770 1439 855 1502 quae
877 1427 1026 1488 vocatur.
1071 1421 1171 1490 Cuius
1196 1441 1268 1488 cum
1292 1422 1376 1490 duae

206 1527 275 1595 sint
309 1527 451 1610 specics,
486 1545 553 1592 nna
584 1526 619 1592 in
653 1546 718 1608 qua
749 1527 1009 1610 substantivum,
1047 1528 1100 1595 cui
1130 1529 1292 1595 adnexum
1323 1533 1376 1596 est

207 1632 416 1700 enuntiatum
431 1631 619 1714 relativum,
636 1632 836 1715 pronominis
850 1633 988 1700 relativi
1003 1653 1115 1700 casum
1131 1634 1249 1718 induit,
1267 1635 1376 1701 altera

206 1739 241 1805 in
271 1757 336 1819 qua
368 1756 464 1805 casus
487 1739 688 1822 pronominis
711 1738 847 1806 relativi
871 1740 1079 1806 adsimilatur
1102 1741 1195 1808 casui
1218 1741 1374 1809 nominis:

206 1845 348 1911 alterum
378 1846 440 1910 hoc
471 1864 575 1928 genus
591 1845 614 1926 1)
646 1846 731 1927 quod
768 1845 803 1912 in
826 1845 941 1930 lingua
963 1864 1086 1932 graeca
1109 1846 1375 1928 frequentissimo

207 1950 390 2033 invenitur,
423 1951 510 2033 apud
538 1953 706 2018 Romanos
736 1952 941 2020 rarissimum
972 1958 1024 2020 est
1057 1955 1098 2039 (a.
1123 1975 1154 2038 g.
1179 1959 1284 2024 iudice
1314 1979 1375 2040 quo

145 2091 148 2096 ·
202 2061 291 2126 ursii
305 2058 443 2143 Horat.)
464 2059 626 2141 planeque
650 2059 747 2126 deese
769 2059 891 2127 dicitur
906 2061 992 2143 apud
1008 2060 1199 2128 Ciceronem
1210 2059 1246 2147 2).
1287 2061 1375 2126 Nam

203 2164 244 2231 de
279 2163 404 2230 duobus
436 2165 518 2230 locis
550 2165 604 2246 qui
637 2184 678 2230 ex
708 2165 778 2232 eius
810 2167 962 2248 epistulis
992 2167 1132 2250 proferri
1155 2167 1264 2234 solent
1287 2167 1375 2233 alter

201 2269 272 2336 sinc
298 2271 365 2336 ullo
390 2271 487 2337 dubio
510 2271 657 2354 pertinet
680 2291 745 2338 non
768 2273 841 2349 huc,
865 2273 924 2339 sed
940 2273 983 2338 ad
1000 2273 1157 2356 sermonis
1173 2274 1375 2342 brevitatem

202 2375 375 2458 quandam.
421 2377 515 2462 Quod
539 2377 625 2443 enim
648 2378 772 2462 legitur
795 2378 838 2444 ad
860 2377 937 2445 Att.
963 2380 1022 2446 ΠΙ
1046 2386 1097 2458 9,2
1132 2381 1233 2450 Nuuc
1259 2384 1289 2450 si
1311 2384 1376 2450 istc

199 2491 285 2567 suut,
310 2506 393 2568 quoe
416 2508 539 2569 sperus,
569 2487 797 2554 sustinebimus
824 2509 884 2554 uos
908 2494 937 2554 et
958 2510 1014 2572 spe
1037 2483 1101 2574 quo
1122 2489 1211 2555 iubes
1233 2490 1375 2556 uitentur

199 2589 348 2656 breviter
371 2589 437 2654 dici
461 2595 603 2672 apparet
625 2610 683 2672 pro
707 2615 847 2678 speque
867 2615 927 2661 uos
947 2595 1012 2662 uiti
1027 2594 1124 2664 iubes.
1159 2589 1280 2657 Altero
1302 2592 1374 2658 loco

199 2697 237 2762 X
262 2701 312 2770 8,7
346 2719 406 2765 uos
433 2705 541 2766 turueu
568 2700 626 2765 isco
653 2699 880 2783 confirmemus
902 2701 958 2767 iiio
981 2701 1120 2786 uupurio
1147 2718 1208 2780 quo
1230 2701 1374 2767 dicimus

200 2820 265 2868 non
288 2801 394 2867 minus
419 2806 500 2884 apta
524 2822 621 2884 quam
641 2804 724 2870 hacc
745 2804 932 2887 explicandi
947 2804 1035 2871 ratio
1051 2805 1117 2872 erit
1137 2821 1187 2888 ea,
1212 2824 1277 2886 qua
1292 2803 1372 2871 item

198 2911 237 2972 ut
269 2907 405 2974 Horatii
435 2908 455 2974 l.
485 2909 505 2974 l.
536 2909 668 2992 propria
704 2911 866 2977 attractio
898 2929 972 2977 esse
1003 2911 1143 2978 dicatur.
1188 2910 1244 2979 Sic
1271 2912 1374 2978 etiam

197 3014 310 3084 Varro
335 3014 414 3081 duos
437 3015 527 3081 locos
550 3017 689 3098 praebet
706 3035 842 3098 quornm
858 3036 956 3084 unum
973 3017 1025 3100 (Π
1042 3003 1093 3096 2‚i
1108 3067 1137 3083 ..
1162 3021 1235 3110 iure
1249 3023 1374 3087 utimur

197 3143 232 3188 eo
263 3144 323 3206 quo
352 3124 403 3190 ieu
426 3123 649 3208 praescripsit)
677 3121 726 3189 sic
754 3124 926 3205 expedies:
957 3148 1061 3210 ..quo
1091 3133 1129 3193 ut
1158 3133 1291 3193 uturuur
1322 3129 1372 3194 lau

197 3231 418 3313 praescripsit,
447 3247 519 3293 cum
544 3229 682 3296 alterius
702 3235 844 3296 naturae
860 3236 1001 3311 utraque
1016 3229 1252 3313 interpretatio
1267 3249 1372 3311 aeque

202 3332 378 3399 convenire
405 3333 561 3401 videatur
589 3335 635 3420 (V
661 3341 701 3398 56
728 3386 756 3401 ..
781 3340 819 3405 ob
841 3339 893 3405 tis
915 3339 1009 3406 robus
1032 3340 1146 3421 quidus
1168 3341 1206 3407 iu
1228 3341 1372 3406 tribuum

200 3440 279 3506 iidro
289 3442 426 3525 scripsi).
445 3439 631 3523 Simplicius
644 3443 882 3509 attractionem
894 3434 1176 3530 statues(=quos
1189 3491 1195 3506 .
1207 3495 1213 3508 .
1227 3447 1370 3529 scripsi);

198 3545 368 3624 quominus
400 3565 477 3616 vero
509 3548 651 3614 alteram
680 3548 925 3632 interpretandi
952 3550 1041 3617 viam
1064 3549 1277 3634 ingrediaris,
1306 3568 1371 3617 non

197 3724 409 3732 ——-—-—

289 3881 310 3951 1)
330 3881 503 3938 structuram
522 3883 659 3953 explicare
680 3885 774 3941 studet
793 3885 917 3940 Schmalz
937 3889 951 3955 ξ
970 3888 1030 3941 244.
1069 3884 1239 3956 Quamquam
1264 3888 1371 3956 quaeri·

199 3972 248 4023 tur
266 3984 331 4025 num
350 3971 474 4027 omnibus
492 3973 561 4027 locis
580 3973 641 4028 eius
660 3973 806 4042 explicatio
826 3974 947 4030 sufficiat
965 3975 1042 4031 velut
1060 3991 1092 4031 eo
1112 3992 1191 4044 quem
1204 3977 1232 4032 in
1245 3977 1372 4045 sequenti

196 4061 266 4111 nota
284 4058 407 4114 afferam.
439 4060 622 4116 statuendum
639 4061 728 4131 igitur
747 4061 801 4118 orit
819 4062 982 4119 oblitterata
1001 4063 1117 4134 originis
1136 4066 1266 4121 memoria
1286 4065 1370 4121 ctiam

195 4145 224 4200 iu
251 4146 306 4202 alia
331 4148 416 4203 verbs
443 4136 557 4206 eandem
581 4155 749 4206 structuram
773 4152 940 4205 translatam
965 4167 1034 4208 esse.
1072 4152 1129 4207 Gir.
1152 4154 1185 4208 de
1209 4153 1369 4221 quaestione

198 4233 360 4290 difficillima
379 4237 507 4292 Klihnost
524 4254 550 4307 p.
571 4240 621 4293 191
642 4256 695 4308 sq.;
714 4239 859 4308 Landgraf
875 4241 911 4295 ad
927 4241 1026 4311 Reisig
1043 4240 1151 4296 Vorles.
1169 4247 1227 4297 not.
1246 4244 1306 4299 517.

288 4323 311 4389 s)
332 4325 364 4379 In
385 4324 506 4394 epistula
519 4326 554 4380 ad
567 4326 725 4384 Ciceronem
744 4327 810 4382 data
828 4328 874 4398 (ad
885 4327 961 4384 Fam.
975 4329 1001 4384 V
1015 4331 1086 4401 14,1)
1100 4330 1211 4398 scripsit
1222 4329 1368 4384 Lucceius:

194 4409 260 4466 Cum
284 4411 391 4483 aliquid
415 4430 485 4484 apos
504 4429 598 4470 corum
621 4433 738 4487 quorum
761 4418 906 4472 consuesti.
944 4417 1000 4474 Cir.
1021 4418 1102 4488 Opitz
1120 4433 1213 4489 progr.
1232 4417 1367 4490 Naumbg.

192 4500 270 4568 1879,
288 4517 353 4572 pag.
373 4505 391 4557 6
410 4507 479 4559 extr.
1162 4523 1166 4536 ¹
