3184 5034
582 1389 960 1533 Appenuix.

753 1642 783 1710 I.

285 1764 342 1834 De
364 1762 636 1834 vocabulorum
659 1762 894 1851 quorundam
917 1781 991 1833 usu
1014 1763 1253 1834 Varroniano

496 1869 893 1940 adnotatiuncularum
917 1869 1043 1940 decas.

277 2056 305 2117 1.
328 2048 513 2116 Prouomeu
536 2051 692 2130 aliquia
714 2067 814 2130 saepe
838 2047 925 2131 apud
947 2048 1131 2119 Varronem
1154 2048 1206 2116 ita
1227 2047 1352 2133 legitur

185 2160 223 2223 ut
245 2155 345 2224 facile
369 2154 479 2223 omitti
501 2155 657 2239 potuerit,
682 2174 754 2222 cum
778 2155 822 2223 ad
844 2155 1045 2224 seutentiam
1060 2153 1142 2222 nihil
1158 2155 1236 2223 novi
1251 2153 1352 2222 adda-

184 2269 249 2330 tur.
297 2261 363 2330 Sed
385 2261 474 2329 inest
503 2261 580 2329 huie
603 2261 677 2331 voci
698 2261 886 2343 loquacitas
917 2262 1079 2344 quaedam
1101 2266 1246 2330 venusta
1274 2281 1353 2346 neg·

185 2368 353 2453 legentiae
378 2367 536 2437 sermonis
560 2368 719 2436 cotidiani
742 2388 806 2436 nou
828 2368 916 2435 male
932 2368 1144 2451 conveniens;
1170 2366 1228 2434 cir.
1250 2367 1354 2435 etiam

185 2474 386 2543 nostratium
424 2494 518 2543 usum
557 2475 612 2557 qui
650 2474 790 2542 articulo
828 2474 998 2542 indefinito
1033 2493 1099 2542 non
1132 2491 1208 2541 raro
1239 2492 1353 2542 vocem

187 2581 342 2668 „irgeud“
368 2581 503 2648 addunt.
551 2581 607 2650 Sic
629 2582 738 2653 Varro
762 2583 781 2649 Ι
806 2587 880 2664 41,2
915 2606 972 2652 cos
1002 2585 1132 2668 olmcod
1161 2605 1263 2669 acprc
1284 2583 1353 2651 clli-

180 2698 279 2776 μαψ
313 2688 395 2754 item
416 2687 476 2755 III
501 2692 596 2771 16‚37
630 2690 854 2775 contuendam
884 2711 937 2758 cos
966 2691 1005 2758 iu
1027 2711 1084 2758 cus
1106 2689 1257 2774 clauom
1294 2687 1352 2754 ΠΙ

186 2800 259 2878 14,2
284 2798 369 2862 extr.
393 2797 433 2865 c'n
462 2797 600 2880 aliquem
630 2796 783 2880 laudm·
812 2795 852 2861 II
875 2799 950 2877 2,16
973 2818 1015 2864 ne
1039 2847 1046 2863 .
1072 2847 1080 2862 .
1105 2847 1112 2862 .
1136 2796 1271 2864 delibant
1293 2795 1351 2863 cli-

183 2903 262 2988 qcc'd
291 2903 520 2980 aratrorum
550 2899 622 2971 VH
647 2905 685 2962 75
715 2903 763 2969 ito
784 2903 864 2970 siloe
886 2902 993 2970 stellae
1024 2909 1061 2969 ct
1090 2908 1201 2970 toruae
1223 2903 1353 2988 tricocco

182 3011 310 3095 fociant
332 3011 471 3094 uocem
494 3004 556 3095 [sic
578 3005 623 3073 A.
648 3005 801 3090 Spengel,
827 3004 928 3073 aliter
950 3005 1022 3088 alii;
1047 3009 1176 3093 aliquod
1198 3003 1296 3087 libriJ.

273 3121 301 3180 2.
326 3116 457 3180 Altus.
502 3113 555 3180 De
583 3112 738 3197 genetivo
768 3112 1004 3181 intereunte
1035 3111 1094 3178 cfr.
1120 3113 1207 3196 Aug.
1232 3112 1353 3179 Miller

182 3242 213 3304 p.
232 3227 272 3285 50
289 3224 325 3287 et
341 3219 538 3288 Thialmanu
559 3239 591 3302 p.
606 3225 688 3302 395;
712 3218 752 3286 de
769 3219 984 3287 collocatione
1007 3224 1085 3301 post
1106 3217 1350 3308 substantivum

182 3327 290 3396 Keilii
314 3344 426 3394 comm.
451 3326 495 3392 ad
517 3327 577 3394 ΠΙ
601 3331 668 3407 5‚1;
705 3324 745 3391 de
775 3324 924 3393 formulis
947 3325 1091 3396 Varroni
1121 3323 1351 3393 usitatissimis

182 3437 304 3506 aliusve
333 3438 407 3523 ocis
437 3438 501 3502 etc.
532 3433 609 3504 uide
632 3433 804 3503 Reiterum
826 3455 858 3518 p.
884 3441 923 3500 87
949 3454 996 3518 sq.
1021 3435 1093 3522 (oct
1115 3439 1188 3524 qais
1210 3438 1298 3507 olias
1319 3456 1350 3518 p.

183 3548 223 3606 90
248 3541 324 3609 adu.
351 3539 395 3627 1).

269 3649 344 3715 Duo
368 3647 546 3716 enuntiata
569 3651 629 3717 aut
653 3648 821 3716 enuntiati
843 3649 989 3716 membra
1012 3648 1046 3715 in
1062 3668 1196 3730 quorum
1211 3654 1351 3731 utroque

181 3772 247 3824 vox
269 3757 357 3825 alica
388 3755 513 3840 legitur
542 3773 617 3824 cum
639 3755 710 3824 fare
739 3774 905 3838 nunquam
935 3755 1163 3824 coniunctione
1196 3756 1286 3824 inter
1315 3774 1350 3823 se

180 3863 360 3927 nectantur
383 3860 436 3946 (II
458 3861 562 3944 praef.
590 3870 624 3926 5:
648 3865 716 3933 otio
740 3911 747 3926 .
773 3916 780 3933 .
804 3867 888 3934 ratio
920 3887 958 3934 oc
984 3865 1255 3949 saecolorum,
1285 3866 1352 3934 clio

175 3971 332 4054 pastoria
356 3967 445 4052 etc),
468 3968 580 4051 posita
603 3974 657 4036 est
679 3968 846 4052 particula
869 3979 898 4039 et
919 3971 940 4036 Ι
963 3975 1058 4053 2‚15:
1082 3972 1174 4041 aliod
1190 3973 1299 4058 pastio
1323 3977 1352 4039 et

180 4077 272 4145 alioci
304 4077 377 4161 ocri
411 4077 549 4146 callare.
602 4073 748 4143 Similem
783 4074 885 4143 solius
919 4075 1069 4143 Terentii
1102 4076 1208 4143 locum
1246 4077 1351 4143 habeo

180 4199 275 4264 quem
308 4180 482 4265 proferam,
523 4200 585 4264 quo
620 4183 807 4251 coniunctio
840 4192 935 4270 atque
968 4182 1107 4267 legitur:
1130 4183 1215 4250 Hac.
1240 4183 1273 4254 V
1297 4188 1349 4258 4‚4

179 4291 281 4360 Mace
303 4292 379 4360 dum
402 4292 510 4361 sodes:
535 4293 627 4360 timeo
650 4314 692 4361 oe
714 4292 807 4361 aliod
829 4293 954 4361 medum
976 4300 1070 4373 atoue
1092 4293 1184 4361 aliud
1206 4293 1349 4362 acuties.

269 4396 387 4463 itaut
411 4397 604 4465 vocabulum
628 4399 715 4467 oltcs
738 4396 838 4464 semol
860 4401 1012 4481 ponatur,
1037 4396 1098 4464 duo
1122 4396 1182 4464 illa
1205 4398 1351 4464 membra

181 4519 265 4581 quae
295 4501 427 4569 diversa
462 4521 536 4570 esse
572 4501 725 4570 dicuutur
759 4501 899 4586 simplici
932 4502 1099 4587 particula
1123 4512 1151 4573 et
1174 4503 1350 4570 coniuncta

1573 2345 1580 2360 Ἷ

1589 2399 1590 2414 l
