3184 5034
705 260 923 319 ...37-

319 428 386 497 Sed
408 429 510 496 etiam
533 412 698 497 nonnullis
721 430 803 497 locis
824 429 951 512 quibus,
976 448 1047 496 cum
1064 429 1126 496 duo
1143 427 1320 496 enuntiata
1334 445 1400 493 non

226 536 401 621 particulis
425 536 648 619 correlativis‚
680 538 739 603 sed
761 536 902 619 simplici
925 537 1092 618 particula
1115 537 1169 622 (et,
1194 541 1244 618 oc)
1268 533 1400 601 coniun-

227 648 388 728 gerentur
411 643 500 709 inter
523 662 569 727 se,
595 644 696 710 etiam
719 644 755 709 in
779 645 887 710 altero
910 645 1053 709 membro
1069 646 1239 709 structura
1254 641 1400 735 relativa

227 749 357 818 servari
386 753 535 831 poterat,
573 755 685 817 tamen
717 751 859 833 scriptor
888 751 985 817 nimis
1017 750 1197 832 impeditae
1226 751 1400 817 verborum

97 865 101 871 “
228 857 403 923 iuncturae
433 857 727 924 inconcinnitatem
757 857 918 940 praetulit
933 857 974 942 ²);
1016 858 1074 926 cfr.
1114 858 1201 923 147
1233 858 1280 926 Im
1309 858 1400 924 semi·

226 967 322 1034 morio
346 987 441 1050 quoe
464 967 605 1033 sarculis
628 968 752 1034 consito
775 974 804 1034 et
826 988 952 1034 eorum
978 968 1125 1034 molliora
1152 971 1248 1033 eruut
1278 971 1400 1032 motare

226 1073 397 1140 ceramico
412 1124 419 1138 .
434 1124 441 1140 .
455 1095 492 1140 eo
505 1095 630 1141 sommo
655 1074 825 1160 intepeodo
841 1071 1132 1155 bimistodeilr's;11
1147 1076 1161 1133 1
1180 1073 1265 1136 extr.
1289 1070 1400 1138 Altero

232 1217 268 1226 -
295 1178 366 1244 scil.
384 1177 511 1260 species
532 1183 585 1246 est
606 1217 641 1226 -
668 1202 778 1262 qoem
801 1181 970 1265 scriptores
993 1180 1109 1246 Graeci
1131 1227 1189 1242 ...
1214 1180 1400 1256 sepossedeo

225 1289 434 1373 appellarunt
461 1309 499 1355 ao
529 1289 729 1368 scripserunt
758 1289 800 1355 de
830 1309 872 1354 eo
900 1308 941 1354 re
973 1286 1147 1370 permulto,
1181 1301 1265 1365 quae
1295 1275 1399 1349 verba

225 1396 350 1474 quanto
380 1391 512 1459 facilius
544 1397 680 1459 currant
708 1397 850 1475 apparet
878 1410 976 1473 quam
1005 1391 1034 1458 si
1061 1390 1251 1474 scripsisset
1280 1407 1399 1472 „quam

224 1522 292 1580 τυρ.
310 1498 519 1581 appellarunt
544 1517 583 1564 ac
607 1498 647 1565 de
671 1518 736 1580 qua
752 1499 956 1582 scripserunt
976 1499 1171 1581 permulta“.
1203 1495 1279 1563 Non
1294 1495 1397 1562 multo

225 1604 375 1672 diversus
406 1609 459 1670 est
489 1622 568 1671 usus
602 1604 801 1687 pronominis
834 1604 1089 1672 demonstrativi
1119 1604 1154 1671 in
1189 1604 1240 1670 his
1271 1602 1396 1670 verbis:

107 1793 109 1796 Ι
224 1712 284 1778 ΙΠ
303 1716 398 1788 16,12
416 1712 603 1782 Medittomos
620 1761 626 1775 .
646 1762 653 1776 .
672 1759 679 1772 ·
697 1735 775 1796 quos
790 1715 849 1781 olii
864 1715 1065 1793 melitropirr'o
1080 1714 1250 1798 appelleret,
1268 1712 1400 1780 eoadem

223 1843 292 1888 rem
314 1821 445 1902 quddam
466 1822 614 1888 medardo
636 1818 692 1884 ubi
715 1838 746 1887 v.
769 1822 900 1888 eoadem
913 1843 982 1888 rem
996 1821 1128 1906 quidum
1142 1820 1288 1887 melioria
1303 1815 1398 1898 quasi

223 1925 258 1991 in
280 1924 474 2006 parenthesi
498 1925 614 1991 addita
639 1945 711 1993 esse
734 1926 848 2009 putari
870 1930 1018 2008 possunt.

311 2030 368 2098 Ad
392 2050 448 2097 eos
470 2031 560 2098 locos
584 2031 701 2113 quibus
724 2051 901 2115 pronomen
928 2032 1106 2100 relativum
1135 2030 1298 2114 excipitur
1324 2049 1397 2112 pro·

222 2137 352 2204 nomine
383 2137 662 2221 demonstrativo,
698 2139 844 2222 proxime
877 2139 1040 2206 accedunt
1071 2139 1188 2220 quibus
1224 2137 1396 2205 enuntiato

222 2243 365 2311 relativo
390 2243 523 2311 adiecta
548 2250 601 2312 est
624 2246 734 2312 altera
758 2245 927 2313 sententia
951 2246 994 2311 ad
1020 2264 1197 2328 pronomen
1219 2245 1397 2313 relativum

223 2349 351 2416 omnino
374 2369 439 2416 non
462 2350 642 2433 pertinens.
690 2351 755 2435 Qui
782 2352 847 2418 loci
874 2371 946 2418 cum
973 2352 1162 2434 plerumque
1188 2351 1240 2417 ita
1268 2370 1397 2434 compa·

221 2456 291 2522 rati
318 2457 400 2540 sint,
429 2462 468 2524 ut
495 2457 585 2540 prior
612 2459 783 2526 sententia
811 2459 982 2527 contineat
1010 2478 1145 2526 cansam
1174 2458 1313 2526 alterius
1337 2464 1397 2527 aut

222 2563 351 2629 omnino
377 2601 415 2612 -
442 2563 472 2630 si
495 2569 624 2648 tempus
649 2571 783 2648 spectas
807 2605 850 2616 -
874 2567 975 2633 alteri
998 2566 1189 2642 antecedat,
1217 2566 1298 2633 item
1321 2584 1396 2650 cog-

221 2669 369 2735 noscitur
405 2668 495 2755 (vide
527 2691 627 2755 supra
659 2677 677 2754 ς
710 2679 763 2754 22)
795 2676 979 2746 Varronem
1015 2673 1256 2757 propositiones
1292 2692 1396 2755 aequo

224 2775 336 2842 ordine
359 2776 488 2859 positas
512 2779 689 2846 sententiis
713 2800 798 2862 quae
821 2780 992 2848 subiectae
1015 2786 1094 2848 sunt
1117 2781 1227 2848 altera
1242 2780 1343 2847 alteri
1358 2799 1395 2847 eo

221 2898 324 2962 usque
353 2884 536 2968 praeferre,
568 2890 606 2952 ut
636 2907 679 2954 ne
708 2887 951 2956 inconcinnitas
980 2888 1110 2970 quidem
1138 2893 1329 2955 structurae
1356 2906 1397 2954 ee

222 2989 420 3074 coniungere
445 3010 517 3057 eum
540 2992 715 3075 prohibeat
739 3013 824 3074 quae
848 2995 1025 3061 subiuncta
1049 3013 1122 3062 esse
1138 2996 1307 3062 sententia
1323 3013 1395 3062 ver-

221 3095 335 3162 borum
359 3097 526 3184 ostendat.
575 3096 639 3183 Qui
662 3100 725 3165 huc
748 3104 905 3182 spectant
927 3101 989 3167 ioci
1015 3100 1216 3173 Varroniani
1239 3105 1318 3169 sunt
1345 3101 1394 3168 hi:

221 3201 241 3268 I
264 3208 304 3265 35
330 3208 530 3284 ..permees
548 3207 638 3292 fieri,
663 3227 741 3288 quos
762 3211 978 3296 imripotiooes
1000 3218 1030 3277 et
1047 3212 1179 3295 placide
1202 3217 1396 3296 tempestates

221 3311 358 3378 orzocor
387 3318 417 3379 et
446 3335 562 3398 aprum
590 3315 721 3399 focium
747 3317 936 3384 macriorem
959 3312 1017 3401 (=
1040 3333 1121 3396 quos
1153 3334 1224 3380 cum
1255 3316 1395 3383 abluant

220 3413 439 3498 imigationes
468 3463 475 3478 .
502 3468 508 3482 .
538 3435 655 3501 agrum
686 3417 815 3485 faciunt
845 3419 1067 3507 macriorem);
1082 3421 1123 3486 ‘I
1153 3427 1227 3503 49,2
1258 3425 1395 3509 falcibus

222 3520 327 3608 (sunt)
350 3525 561 3592 consectando
585 3544 666 3607 quoe
688 3529 859 3611 faenisices
878 3530 1119 3611 praeterieram
1138 3551 1176 3596 oo
1191 3531 1285 3611 porse·
1300 3531 1396 3598 lrerbo

222 3629 403 3696 tuberosum
423 3632 626 3714 reliquerunt
648 3655 811 3718 eampum·
833 3633 893 3698 ΙΠ
909 3638 983 3715 2,13
1000 3653 1080 3715 quos
1094 3635 1127 3702 S.
1145 3637 1254 3722 iecisse
1269 3639 1395 3704 radetur

221 3741 249 3801 et
271 3737 341 3802 ideo
364 3758 403 3804 ese
425 3739 690 3823 despectionibus
715 3785 721 3800 .
745 3787 752 3802 .
774 3743 911 3808 maiores
932 3744 1061 3827 fructos
1083 3765 1210 3828 cepere·
1234 3743 1266 3812 V
1290 3749 1308 3806 8
1333 3767 1395 3830 quo

221 3842 443 3927 philosophia.
462 3847 631 3928 perorem
652 3852 747 3931 atque
769 3869 807 3914 eo
823 3898 830 3913 .
849 3899 856 3914 .
874 3899 881 3914 .
898 3850 1024 3932 operire
1047 3851 1162 3934 coepi&
1185 3847 1243 3916 cfr.
1266 3849 1287 3914 I
1305 3854 1392 3933 1,10;

221 3944 280 4011 ΠΙ
306 3952 355 4029 7,1
382 3949 482 4030 extr.;
506 3948 550 4015 ib.
575 3952 595 4030 9
619 3956 639 4012 4
663 3955 749 4018 extr.

308 4053 461 4134 Denique
484 4055 655 4135 quaeritur
677 4058 795 4134 verba,
819 4060 947 4138 quael
973 4065 1022 4143 1,2
1046 4059 1215 4145 leguntur,
1239 4080 1317 4129 num
1339 4061 1393 4128 hic

220 4213 434 4224 -—-.....—..

313 4299 335 4365 1)
353 4298 396 4354 Ne
418 4298 463 4354 hio
488 4300 597 4368 quidem
615 4302 644 4357 in
660 4302 831 4360 brevissimis
849 4304 1081 4374 propositionibus
1100 4321 1211 4362 cansam
1230 4306 1325 4376 fuisse,
1344 4325 1393 4365 cnr

221 4385 389 4441 aconoinna
411 4394 554 4445 structura
576 4392 766 4460 recederetur,
785 4400 914 4464 apparet3
935 4393 984 4450 cfr.
1004 4409 1027 4449 c,
1046 4410 1074 4465 g.
1093 4395 1108 4449 1
1127 4398 1151 4464 2,
1172 4398 1276 4468 loquo
1294 4396 1395 4455 vedent

219 4477 246 4526 et
262 4474 335 4529 uode
355 4475 499 4546 (mochum.
