<?xml version="1.0" encoding="UTF-8"?>
<!DOCTYPE html PUBLIC "-//W3C//DTD XHTML 1.0 Transitional//EN"
    "http://www.w3.org/TR/xhtml1/DTD/xhtml1-transitional.dtd">
<html xmlns="http://www.w3.org/1999/xhtml" xml:lang="en" lang="en">
 <head>
  <title>
</title>
<meta http-equiv="Content-Type" content="text/html;charset=utf-8" />
  <meta name='ocr-system' content='tesseract 3.04.00' />
  <meta name='ocr-capabilities' content='ocr_page ocr_carea ocr_par ocr_line ocrx_word'/>
</head>
<body>
  <div class='ocr_page' id='page_1' title='image "./devarronianoscr00krumgoog_0030.png"; bbox 0 0 3184 5034; ppageno 0'>
   <div class='ocr_carea' id='block_1_1' title="bbox 691 235 911 294">
    <p class='ocr_par' dir='ltr' id='par_1_1' title="bbox 691 235 911 294">
     <span class='ocr_line' id='line_1_1' title="bbox 691 235 911 294; baseline 0.009 -16"><span class='ocrx_word' id='word_1_1' title='bbox 691 235 911 294; x_wconf 73' lang='lat'><strong>..25-</strong></span> 
     </span>
    </p>
   </div>
   <div class='ocr_carea' id='block_1_2' title="bbox 209 405 1392 2724">
    <p class='ocr_par' dir='ltr' id='par_1_2' title="bbox 214 405 1388 916">
     <span class='ocr_line' id='line_1_2' title="bbox 301 405 1387 491; baseline -0.001 -17"><span class='ocrx_word' id='word_1_2' title='bbox 301 409 384 474; x_wconf 91' lang='lat' dir='ltr'>Duo</span> <span class='ocrx_word' id='word_1_3' title='bbox 407 406 512 491; x_wconf 80' lang='lat' dir='ltr'>igitur</span> <span class='ocrx_word' id='word_1_4' title='bbox 535 407 795 475; x_wconf 84' lang='lat' dir='ltr'>substantiva</span> <span class='ocrx_word' id='word_1_5' title='bbox 817 407 853 473; x_wconf 86' lang='lat' dir='ltr'>in</span> <span class='ocrx_word' id='word_1_6' title='bbox 875 405 969 472; x_wconf 87' lang='lat' dir='ltr'>libris</span> <span class='ocrx_word' id='word_1_7' title='bbox 993 406 1035 474; x_wconf 86' lang='lat' dir='ltr'>de</span> <span class='ocrx_word' id='word_1_8' title='bbox 1057 405 1078 472; x_wconf 93' lang='lat' dir='ltr'>l.</span> <span class='ocrx_word' id='word_1_9' title='bbox 1096 407 1117 472; x_wconf 94' lang='lat' dir='ltr'>l.</span> <span class='ocrx_word' id='word_1_10' title='bbox 1134 425 1300 489; x_wconf 86' lang='lat' dir='ltr'>nunquam</span> <span class='ocrx_word' id='word_1_11' title='bbox 1316 405 1387 473; x_wconf 89' lang='lat' dir='ltr'>siue</span> 
     </span>
     <span class='ocr_line' id='line_1_3' title="bbox 214 511 1388 596; baseline -0.002 -16"><span class='ocrx_word' id='word_1_12' title='bbox 214 513 443 581; x_wconf 87' lang='lat' dir='ltr'>coniunctione</span> <span class='ocrx_word' id='word_1_13' title='bbox 477 518 642 596; x_wconf 90' lang='lat' dir='ltr'>ponuntur</span> <span class='ocrx_word' id='word_1_14' title='bbox 677 516 767 596; x_wconf 88' lang='lat' dir='ltr'>(nam</span> <span class='ocrx_word' id='word_1_15' title='bbox 806 511 981 580; x_wconf 88' lang='lat' dir='ltr'>omittendi</span> <span class='ocrx_word' id='word_1_16' title='bbox 1012 516 1090 579; x_wconf 88' lang='lat' dir='ltr'>suut</span> <span class='ocrx_word' id='word_1_17' title='bbox 1121 531 1231 579; x_wconf 88' lang='lat' dir='ltr'>omnes</span> <span class='ocrx_word' id='word_1_18' title='bbox 1262 512 1293 578; x_wconf 89' lang='lat' dir='ltr'>ei</span> <span class='ocrx_word' id='word_1_19' title='bbox 1323 512 1388 579; x_wconf 92' lang='lat' dir='ltr'>loci</span> 
     </span>
     <span class='ocr_line' id='line_1_4' title="bbox 214 618 1388 702; baseline -0.002 -16"><span class='ocrx_word' id='word_1_20' title='bbox 214 619 330 701; x_wconf 85' lang='lat' dir='ltr'>quibus</span> <span class='ocrx_word' id='word_1_21' title='bbox 354 620 417 686; x_wconf 88' lang='lat' dir='ltr'>‹luo</span> <span class='ocrx_word' id='word_1_22' title='bbox 441 619 573 685; x_wconf 90' lang='lat' dir='ltr'>nomina</span> <span class='ocrx_word' id='word_1_23' title='bbox 597 619 738 702; x_wconf 88' lang='lat' dir='ltr'>exempli</span> <span class='ocrx_word' id='word_1_24' title='bbox 761 637 862 686; x_wconf 89' lang='lat' dir='ltr'>causa</span> <span class='ocrx_word' id='word_1_25' title='bbox 886 619 1057 702; x_wconf 84' lang='lat' dir='ltr'>adscripta</span> <span class='ocrx_word' id='word_1_26' title='bbox 1081 621 1169 695; x_wconf 88' lang='lat' dir='ltr'>sunt,</span> <span class='ocrx_word' id='word_1_27' title='bbox 1193 638 1234 685; x_wconf 90' lang='lat' dir='ltr'>ea</span> <span class='ocrx_word' id='word_1_28' title='bbox 1258 618 1388 700; x_wconf 85' lang='lat' dir='ltr'>quidem</span> 
     </span>
     <span class='ocr_line' id='line_1_5' title="bbox 218 726 1388 809; baseline 0.002 -17"><span class='ocrx_word' id='word_1_29' title='bbox 218 726 411 808; x_wconf 82' lang='lat' dir='ltr'><strong>copulativa</strong></span> <span class='ocrx_word' id='word_1_30' title='bbox 434 726 602 809; x_wconf 88' lang='lat' dir='ltr'>particula</span> <span class='ocrx_word' id='word_1_31' title='bbox 625 744 690 793; x_wconf 89' lang='lat' dir='ltr'>non</span> <span class='ocrx_word' id='word_1_32' title='bbox 714 727 890 793; x_wconf 89' lang='lat' dir='ltr'>coniuncta</span> <span class='ocrx_word' id='word_1_33' title='bbox 912 727 1007 793; x_wconf 87' lang='lat' dir='ltr'>velut</span> <span class='ocrx_word' id='word_1_34' title='bbox 1023 726 1115 796; x_wconf 86' lang='lat' dir='ltr'>VIII</span> <span class='ocrx_word' id='word_1_35' title='bbox 1132 732 1172 789; x_wconf 89' lang='grc'>66</span> <span class='ocrx_word' id='word_1_36' title='bbox 1189 730 1245 795; x_wconf 84' lang='lat' dir='ltr'>bos</span> <span class='ocrx_word' id='word_1_37' title='bbox 1261 729 1388 796; x_wconf 80' lang='lat' dir='ltr'><em>Montes</em></span> 
     </span>
     <span class='ocr_line' id='line_1_6' title="bbox 214 830 935 916; baseline -0.008 -16"><span class='ocrx_word' id='word_1_38' title='bbox 214 834 336 903; x_wconf 76' lang='lat' dir='ltr'>Foetes</span> <span class='ocrx_word' id='word_1_39' title='bbox 359 830 450 916; x_wconf 87' lang='lat' dir='ltr'>etc),</span> <span class='ocrx_word' id='word_1_40' title='bbox 475 833 509 898; x_wconf 89' lang='lat' dir='ltr'>iu</span> <span class='ocrx_word' id='word_1_41' title='bbox 533 851 558 896; x_wconf 86' lang='lat' dir='ltr'>r.</span> <span class='ocrx_word' id='word_1_42' title='bbox 582 852 608 898; x_wconf 90' lang='lat' dir='ltr'>r.</span> <span class='ocrx_word' id='word_1_43' title='bbox 633 832 728 898; x_wconf 89' lang='lat' dir='ltr'>libris</span> <span class='ocrx_word' id='word_1_44' title='bbox 751 832 935 900; x_wconf 86' lang='lat' dir='ltr'>rarissime:</span> 
     </span>
    </p>

    <p class='ocr_par' dir='ltr' id='par_1_3' title="bbox 209 940 1389 1556">
     <span class='ocr_line' id='line_1_7' title="bbox 303 940 1387 1027; baseline -0.003 -22"><span class='ocrx_word' id='word_1_45' title='bbox 303 940 323 1005; x_wconf 99' lang='grc' dir='ltr'>Ι</span> <span class='ocrx_word' id='word_1_46' title='bbox 344 945 385 1001; x_wconf 86' lang='grc'>58</span> <span class='ocrx_word' id='word_1_47' title='bbox 408 942 485 1027; x_wconf 74' lang='lat' dir='ltr'>fobu</span> <span class='ocrx_word' id='word_1_48' title='bbox 500 942 663 1026; x_wconf 77' lang='lat' dir='ltr'>lepumioo</span> <span class='ocrx_word' id='word_1_49' title='bbox 680 991 686 1006; x_wconf 94' lang='lat'>.</span> <span class='ocrx_word' id='word_1_50' title='bbox 706 993 713 1007; x_wconf 91' lang='lat'><strong>.</strong></span> <span class='ocrx_word' id='word_1_51' title='bbox 732 992 738 1007; x_wconf 94' lang='lat'>.</span> <span class='ocrx_word' id='word_1_52' title='bbox 750 940 1387 1026; x_wconf 77' lang='lat' dir='ltr'>peretotooolomtoserooator;114‚s</span> 
     </span>
     <span class='ocr_line' id='line_1_8' title="bbox 210 1046 1389 1133; baseline 0 -19"><span class='ocrx_word' id='word_1_53' title='bbox 210 1054 435 1132; x_wconf 75' lang='lat' dir='ltr'><strong><em>praeterquam</em></strong></span> <span class='ocrx_word' id='word_1_54' title='bbox 464 1048 599 1132; x_wconf 79' lang='lat' dir='ltr'>pedibas</span> <span class='ocrx_word' id='word_1_55' title='bbox 633 1049 751 1132; x_wconf 69' lang='lat' dir='ltr'>cupita·</span> <span class='ocrx_word' id='word_1_56' title='bbox 784 1047 843 1112; x_wconf 90' lang='grc' dir='ltr'>ΠΙ</span> <span class='ocrx_word' id='word_1_57' title='bbox 878 1046 953 1120; x_wconf 82' lang='grc'><strong>9,14</strong></span> <span class='ocrx_word' id='word_1_58' title='bbox 988 1069 1052 1132; x_wconf 77' lang='lat' dir='ltr'>quo</span> <span class='ocrx_word' id='word_1_59' title='bbox 1086 1050 1245 1133; x_wconf 78' lang='lat' dir='ltr'>coeperint</span> <span class='ocrx_word' id='word_1_60' title='bbox 1278 1050 1389 1115; x_wconf 77' lang='lat' dir='ltr'>leobere</span> 
     </span>
     <span class='ocr_line' id='line_1_9' title="bbox 209 1154 1389 1240; baseline -0.003 -18"><span class='ocrx_word' id='word_1_61' title='bbox 209 1155 345 1238; x_wconf 76' lang='lat' dir='ltr'>ptumus,</span> <span class='ocrx_word' id='word_1_62' title='bbox 370 1177 386 1221; x_wconf 90' lang='lat' dir='ltr'>e</span> <span class='ocrx_word' id='word_1_63' title='bbox 409 1157 517 1238; x_wconf 78' lang='lat' dir='ltr'>captia,</span> <span class='ocrx_word' id='word_1_64' title='bbox 542 1177 558 1221; x_wconf 90' lang='lat' dir='ltr'>e</span> <span class='ocrx_word' id='word_1_65' title='bbox 581 1154 657 1221; x_wconf 83' lang='lat' dir='ltr'>eollo</span> <span class='ocrx_word' id='word_1_66' title='bbox 680 1176 789 1221; x_wconf 81' lang='lat' dir='ltr'>eorum</span> <span class='ocrx_word' id='word_1_67' title='bbox 812 1155 918 1221; x_wconf 67' lang='lat' dir='ltr'>eremo</span> <span class='ocrx_word' id='word_1_68' title='bbox 942 1155 1078 1240; x_wconf 74' lang='lat' dir='ltr'>elipandi</span> <span class='ocrx_word' id='word_1_69' title='bbox 1098 1157 1194 1239; x_wconf 82' lang='lat' dir='ltr'>pedes</span> <span class='ocrx_word' id='word_1_70' title='bbox 1217 1191 1260 1202; x_wconf 89' lang='lat'><em>-</em></span> <span class='ocrx_word' id='word_1_71' title='bbox 1281 1171 1389 1235; x_wconf 91' lang='lat' dir='ltr'>pauca</span> 
     </span>
     <span class='ocr_line' id='line_1_10' title="bbox 216 1258 1389 1343; baseline 0 -19"><span class='ocrx_word' id='word_1_72' title='bbox 216 1276 295 1324; x_wconf 90' lang='lat' dir='ltr'>sane</span> <span class='ocrx_word' id='word_1_73' title='bbox 320 1258 422 1340; x_wconf 82' lang='lat' dir='ltr'>prisci</span> <span class='ocrx_word' id='word_1_74' title='bbox 446 1258 604 1325; x_wconf 88' lang='lat' dir='ltr'>sermonis</span> <span class='ocrx_word' id='word_1_75' title='bbox 626 1258 785 1343; x_wconf 84' lang='lat' dir='ltr'>vestigia,</span> <span class='ocrx_word' id='word_1_76' title='bbox 808 1277 870 1325; x_wconf 89' lang='lat' dir='ltr'>nec</span> <span class='ocrx_word' id='word_1_77' title='bbox 885 1262 1000 1325; x_wconf 90' lang='lat' dir='ltr'>tamen</span> <span class='ocrx_word' id='word_1_78' title='bbox 1016 1277 1056 1325; x_wconf 90' lang='lat' dir='ltr'>ea</span> <span class='ocrx_word' id='word_1_79' title='bbox 1072 1258 1270 1326; x_wconf 91' lang='lat' dir='ltr'>coniecturis</span> <span class='ocrx_word' id='word_1_80' title='bbox 1286 1278 1389 1324; x_wconf 90' lang='lat' dir='ltr'>remo·</span> 
     </span>
     <span class='ocr_line' id='line_1_11' title="bbox 214 1362 1388 1456; baseline 0.001 -26"><span class='ocrx_word' id='word_1_81' title='bbox 214 1363 325 1430; x_wconf 85' lang='lat' dir='ltr'>venda</span> <span class='ocrx_word' id='word_1_82' title='bbox 340 1362 420 1456; x_wconf 61' lang='lat' dir='ltr'>(cfr.</span> <span class='ocrx_word' id='word_1_83' title='bbox 444 1362 533 1433; x_wconf 89' lang='lat' dir='ltr'>Keil.</span> <span class='ocrx_word' id='word_1_84' title='bbox 558 1364 601 1430; x_wconf 87' lang='lat' dir='ltr'>ad</span> <span class='ocrx_word' id='word_1_85' title='bbox 624 1365 663 1430; x_wconf 88' lang='lat' dir='ltr'>H</span> <span class='ocrx_word' id='word_1_86' title='bbox 687 1362 766 1451; x_wconf 82' lang='lat'>4,3),</span> <span class='ocrx_word' id='word_1_87' title='bbox 791 1384 987 1447; x_wconf 90' lang='lat' dir='ltr'>quamquam</span> <span class='ocrx_word' id='word_1_88' title='bbox 1011 1364 1088 1448; x_wconf 87' lang='lat' dir='ltr'>quin</span> <span class='ocrx_word' id='word_1_89' title='bbox 1111 1384 1229 1433; x_wconf 83' lang='lat' dir='ltr'>revera</span> <span class='ocrx_word' id='word_1_90' title='bbox 1251 1365 1388 1432; x_wconf 88' lang='lat' dir='ltr'>nonnul·</span> 
     </span>
     <span class='ocr_line' id='line_1_12' title="bbox 215 1470 1168 1556; baseline 0.002 -21"><span class='ocrx_word' id='word_1_91' title='bbox 215 1470 257 1536; x_wconf 89' lang='lat' dir='ltr'>lis</span> <span class='ocrx_word' id='word_1_92' title='bbox 279 1471 361 1537; x_wconf 87' lang='lat' dir='ltr'>locis</span> <span class='ocrx_word' id='word_1_93' title='bbox 384 1471 546 1538; x_wconf 86' lang='lat' dir='ltr'>exciderit</span> <span class='ocrx_word' id='word_1_94' title='bbox 571 1471 765 1556; x_wconf 89' lang='lat' dir='ltr'>coniunctio,</span> <span class='ocrx_word' id='word_1_95' title='bbox 790 1472 923 1540; x_wconf 84' lang='lat' dir='ltr'>dubium</span> <span class='ocrx_word' id='word_1_96' title='bbox 947 1491 1019 1539; x_wconf 89' lang='grc' dir='ltr'><strong>θεεθ</strong></span> <span class='ocrx_word' id='word_1_97' title='bbox 1043 1472 1168 1554; x_wconf 88' lang='lat' dir='ltr'>nequit.</span> 
     </span>
    </p>

    <p class='ocr_par' dir='ltr' id='par_1_4' title="bbox 217 1577 1392 2724">
     <span class='ocr_line' id='line_1_13' title="bbox 304 1577 1389 1661; baseline 0.002 -18"><span class='ocrx_word' id='word_1_98' title='bbox 304 1577 399 1644; x_wconf 92' lang='lat' dir='ltr'>Plus</span> <span class='ocrx_word' id='word_1_99' title='bbox 431 1577 502 1644; x_wconf 89' lang='lat' dir='ltr'>duo</span> <span class='ocrx_word' id='word_1_100' title='bbox 530 1580 697 1645; x_wconf 89' lang='lat' dir='ltr'>membra</span> <span class='ocrx_word' id='word_1_101' title='bbox 725 1617 766 1628; x_wconf 83' lang='lat'>—-</span> <span class='ocrx_word' id='word_1_102' title='bbox 797 1578 854 1646; x_wconf 89' lang='lat' dir='ltr'>cfr.</span> <span class='ocrx_word' id='word_1_103' title='bbox 879 1579 1020 1646; x_wconf 83' lang='lat' dir='ltr'>Kiihner</span> <span class='ocrx_word' id='word_1_104' title='bbox 1046 1599 1077 1661; x_wconf 93' lang='lat' dir='ltr'>p.</span> <span class='ocrx_word' id='word_1_105' title='bbox 1105 1586 1167 1644; x_wconf 83' lang='grc'>654</span> <span class='ocrx_word' id='word_1_106' title='bbox 1199 1617 1236 1627; x_wconf 92' lang='grc'><strong>-</strong></span> <span class='ocrx_word' id='word_1_107' title='bbox 1268 1598 1340 1647; x_wconf 90' lang='lat' dir='ltr'>cum</span> <span class='ocrx_word' id='word_1_108' title='bbox 1368 1599 1389 1645; x_wconf 91' lang='lat' dir='ltr'>a</span> 
     </span>
     <span class='ocr_line' id='line_1_14' title="bbox 218 1683 1389 1770; baseline 0.003 -21"><span class='ocrx_word' id='word_1_109' title='bbox 218 1683 338 1750; x_wconf 86' lang='lat' dir='ltr'>ceteris</span> <span class='ocrx_word' id='word_1_110' title='bbox 367 1684 583 1768; x_wconf 80' lang='lat' dir='ltr'>scriptoribus</span> <span class='ocrx_word' id='word_1_111' title='bbox 611 1685 802 1767; x_wconf 88' lang='lat' dir='ltr'>plerumque</span> <span class='ocrx_word' id='word_1_112' title='bbox 830 1685 878 1752; x_wconf 89' lang='lat' dir='ltr'>sic</span> <span class='ocrx_word' id='word_1_113' title='bbox 902 1685 1144 1770; x_wconf 81' lang='lat' dir='ltr'>coniungantur</span> <span class='ocrx_word' id='word_1_114' title='bbox 1170 1690 1208 1752; x_wconf 93' lang='lat' dir='ltr'>ut</span> <span class='ocrx_word' id='word_1_115' title='bbox 1232 1688 1291 1753; x_wconf 92' lang='lat' dir='ltr'>aut</span> <span class='ocrx_word' id='word_1_116' title='bbox 1314 1704 1389 1752; x_wconf 88' lang='lat' dir='ltr'>nus·</span> 
     </span>
     <span class='ocr_line' id='line_1_15' title="bbox 219 1791 1389 1875; baseline 0.003 -19"><span class='ocrx_word' id='word_1_117' title='bbox 219 1808 316 1871; x_wconf 89' lang='lat' dir='ltr'>quam</span> <span class='ocrx_word' id='word_1_118' title='bbox 339 1793 398 1857; x_wconf 90' lang='lat' dir='ltr'>aut</span> <span class='ocrx_word' id='word_1_119' title='bbox 421 1791 541 1872; x_wconf 90' lang='lat' dir='ltr'>ubique</span> <span class='ocrx_word' id='word_1_120' title='bbox 563 1795 707 1875; x_wconf 89' lang='lat' dir='ltr'>ponatur</span> <span class='ocrx_word' id='word_1_121' title='bbox 729 1801 759 1861; x_wconf 87' lang='lat' dir='ltr'>et</span> <span class='ocrx_word' id='word_1_122' title='bbox 781 1794 841 1858; x_wconf 90' lang='lat' dir='ltr'>aut</span> <span class='ocrx_word' id='word_1_123' title='bbox 863 1792 1042 1858; x_wconf 79' lang='lat' dir='ltr'>membrum</span> <span class='ocrx_word' id='word_1_124' title='bbox 1065 1794 1247 1858; x_wconf 85' lang='lat' dir='ltr'>extremum</span> <span class='ocrx_word' id='word_1_125' title='bbox 1271 1793 1389 1859; x_wconf 83' lang='lat' dir='ltr'>adnec-</span> 
     </span>
     <span class='ocr_line' id='line_1_16' title="bbox 217 1896 1390 1984; baseline 0.003 -22"><span class='ocrx_word' id='word_1_126' title='bbox 217 1900 312 1963; x_wconf 88' lang='lat' dir='ltr'>tatur</span> <span class='ocrx_word' id='word_1_127' title='bbox 334 1896 501 1980; x_wconf 89' lang='lat' dir='ltr'>particula</span> <span class='ocrx_word' id='word_1_128' title='bbox 525 1922 593 1984; x_wconf 82' lang='lat' dir='ltr'>pue,</span> <span class='ocrx_word' id='word_1_129' title='bbox 618 1897 736 1981; x_wconf 89' lang='lat' dir='ltr'>Varro,</span> <span class='ocrx_word' id='word_1_130' title='bbox 766 1898 822 1981; x_wconf 90' lang='lat' dir='ltr'>qui</span> <span class='ocrx_word' id='word_1_131' title='bbox 844 1897 993 1981; x_wconf 89' lang='lat' dir='ltr'>plurimis</span> <span class='ocrx_word' id='word_1_132' title='bbox 1017 1917 1098 1966; x_wconf 85' lang='lat' dir='ltr'>sane</span> <span class='ocrx_word' id='word_1_133' title='bbox 1122 1899 1203 1966; x_wconf 91' lang='lat' dir='ltr'>locis</span> <span class='ocrx_word' id='word_1_134' title='bbox 1227 1900 1390 1983; x_wconf 84' lang='lat' dir='ltr'>asyndeto</span> 
     </span>
     <span class='ocr_line' id='line_1_17' title="bbox 217 2003 1391 2089; baseline 0.003 -19"><span class='ocrx_word' id='word_1_135' title='bbox 217 2022 296 2070; x_wconf 87' lang='lat' dir='ltr'>usus</span> <span class='ocrx_word' id='word_1_136' title='bbox 312 2008 375 2088; x_wconf 88' lang='lat' dir='ltr'>est,</span> <span class='ocrx_word' id='word_1_137' title='bbox 391 2009 505 2070; x_wconf 86' lang='lat' dir='ltr'>tamen</span> <span class='ocrx_word' id='word_1_138' title='bbox 520 2022 751 2086; x_wconf 86' lang='lat' dir='ltr'>nonuunquam</span> <span class='ocrx_word' id='word_1_139' title='bbox 767 2005 869 2072; x_wconf 91' lang='lat' dir='ltr'>etiam</span> <span class='ocrx_word' id='word_1_140' title='bbox 886 2023 960 2071; x_wconf 90' lang='lat' dir='ltr'>eam</span> <span class='ocrx_word' id='word_1_141' title='bbox 975 2003 1113 2071; x_wconf 86' lang='lat' dir='ltr'>formam</span> <span class='ocrx_word' id='word_1_142' title='bbox 1128 2004 1273 2089; x_wconf 80' lang='lat' dir='ltr'>admisit,</span> <span class='ocrx_word' id='word_1_143' title='bbox 1292 2024 1391 2088; x_wconf 87' lang='lat' dir='ltr'>quam</span> 
     </span>
     <span class='ocr_line' id='line_1_18' title="bbox 219 2109 1391 2195; baseline -0.001 -17"><span class='ocrx_word' id='word_1_144' title='bbox 219 2109 333 2178; x_wconf 78' lang='lat' dir='ltr'>Cicero</span> <span class='ocrx_word' id='word_1_145' title='bbox 358 2128 420 2177; x_wconf 89' lang='lat' dir='ltr'>uno</span> <span class='ocrx_word' id='word_1_146' title='bbox 444 2113 576 2178; x_wconf 89' lang='lat' dir='ltr'>tantum</span> <span class='ocrx_word' id='word_1_147' title='bbox 600 2112 672 2177; x_wconf 92' lang='lat' dir='ltr'>loco</span> <span class='ocrx_word' id='word_1_148' title='bbox 696 2111 913 2195; x_wconf 80' lang='lat' dir='ltr'>epistularum</span> <span class='ocrx_word' id='word_1_149' title='bbox 936 2110 1120 2193; x_wconf 83' lang='lat' dir='ltr'>usurpavit,</span> <span class='ocrx_word' id='word_1_150' title='bbox 1146 2111 1216 2178; x_wconf 86' lang='lat' dir='ltr'>scil.</span> <span class='ocrx_word' id='word_1_151' title='bbox 1241 2115 1280 2178; x_wconf 90' lang='lat' dir='ltr'>ut</span> <span class='ocrx_word' id='word_1_152' title='bbox 1302 2112 1391 2177; x_wconf 89' lang='lat' dir='ltr'>iuter</span> 
     </span>
     <span class='ocr_line' id='line_1_19' title="bbox 219 2216 1390 2304; baseline 0.001 -22"><span class='ocrx_word' id='word_1_153' title='bbox 219 2220 401 2285; x_wconf 88' lang='lat' dir='ltr'>extremum</span> <span class='ocrx_word' id='word_1_154' title='bbox 423 2219 601 2284; x_wconf 89' lang='lat' dir='ltr'>membrum</span> <span class='ocrx_word' id='word_1_155' title='bbox 625 2221 660 2284; x_wconf 92' lang='lat' dir='ltr'>et</span> <span class='ocrx_word' id='word_1_156' title='bbox 675 2218 710 2284; x_wconf 88' lang='lat' dir='ltr'>id</span> <span class='ocrx_word' id='word_1_157' title='bbox 726 2218 810 2300; x_wconf 89' lang='lat' dir='ltr'>quod</span> <span class='ocrx_word' id='word_1_158' title='bbox 826 2216 998 2301; x_wconf 89' lang='lat' dir='ltr'>praecedit</span> <span class='ocrx_word' id='word_1_159' title='bbox 1014 2217 1183 2284; x_wconf 90' lang='lat' dir='ltr'>inseratur</span> <span class='ocrx_word' id='word_1_160' title='bbox 1199 2217 1266 2304; x_wconf 84' lang='lat' dir='ltr'>et¹).</span> <span class='ocrx_word' id='word_1_161' title='bbox 1301 2218 1390 2285; x_wconf 86' lang='lat' dir='ltr'>Nam</span> 
     </span>
     <span class='ocr_line' id='line_1_20' title="bbox 220 2322 1392 2407; baseline 0 -18"><span class='ocrx_word' id='word_1_162' title='bbox 220 2323 336 2404; x_wconf 88' lang='lat' dir='ltr'>quibus</span> <span class='ocrx_word' id='word_1_163' title='bbox 359 2322 441 2390; x_wconf 94' lang='lat' dir='ltr'>locis</span> <span class='ocrx_word' id='word_1_164' title='bbox 458 2323 684 2390; x_wconf 78' lang='lat' dir='ltr'>Ciceronianis</span> <span class='ocrx_word' id='word_1_165' title='bbox 708 2328 884 2407; x_wconf 88' lang='lat' dir='ltr'>praeterea</span> <span class='ocrx_word' id='word_1_166' title='bbox 906 2324 946 2392; x_wconf 87' lang='lat' dir='ltr'>de</span> <span class='ocrx_word' id='word_1_167' title='bbox 962 2323 1070 2392; x_wconf 91' lang='lat' dir='ltr'>tribus</span> <span class='ocrx_word' id='word_1_168' title='bbox 1086 2325 1239 2391; x_wconf 84' lang='lat' dir='ltr'>membris</span> <span class='ocrx_word' id='word_1_169' title='bbox 1255 2325 1289 2391; x_wconf 90' lang='lat' dir='ltr'>id</span> <span class='ocrx_word' id='word_1_170' title='bbox 1305 2324 1392 2406; x_wconf 86' lang='lat' dir='ltr'>quod</span> 
     </span>
     <span class='ocr_line' id='line_1_21' title="bbox 219 2429 1391 2514; baseline 0 -18"><span class='ocrx_word' id='word_1_171' title='bbox 219 2433 401 2496; x_wconf 86' lang='lat' dir='ltr'>extremum</span> <span class='ocrx_word' id='word_1_172' title='bbox 429 2434 482 2497; x_wconf 87' lang='lat' dir='ltr'>eet</span> <span class='ocrx_word' id='word_1_173' title='bbox 509 2430 675 2514; x_wconf 90' lang='lat' dir='ltr'>particula</span> <span class='ocrx_word' id='word_1_174' title='bbox 700 2440 733 2499; x_wconf 86' lang='lat' dir='ltr'>et</span> <span class='ocrx_word' id='word_1_175' title='bbox 756 2429 890 2497; x_wconf 88' lang='lat' dir='ltr'>adnecti</span> <span class='ocrx_word' id='word_1_176' title='bbox 913 2430 1055 2514; x_wconf 86' lang='lat' dir='ltr'>videtur,</span> <span class='ocrx_word' id='word_1_177' title='bbox 1085 2430 1133 2496; x_wconf 87' lang='lat' dir='ltr'>eis</span> <span class='ocrx_word' id='word_1_178' title='bbox 1157 2430 1295 2513; x_wconf 88' lang='lat' dir='ltr'>primum</span> <span class='ocrx_word' id='word_1_179' title='bbox 1319 2450 1391 2497; x_wconf 91' lang='lat' dir='ltr'>cum</span> 
     </span>
     <span class='ocr_line' id='line_1_22' title="bbox 219 2534 1392 2621; baseline -0.002 -17"><span class='ocrx_word' id='word_1_180' title='bbox 219 2537 360 2604; x_wconf 88' lang='lat' dir='ltr'>secundo</span> <span class='ocrx_word' id='word_1_181' title='bbox 388 2536 439 2603; x_wconf 92' lang='lat' dir='ltr'>ita</span> <span class='ocrx_word' id='word_1_182' title='bbox 471 2538 626 2603; x_wconf 82' lang='lat' dir='ltr'>cohaeret</span> <span class='ocrx_word' id='word_1_183' title='bbox 657 2540 695 2602; x_wconf 92' lang='lat' dir='ltr'>ut</span> <span class='ocrx_word' id='word_1_184' title='bbox 722 2537 847 2604; x_wconf 85' lang='lat' dir='ltr'>rectius</span> <span class='ocrx_word' id='word_1_185' title='bbox 876 2536 938 2602; x_wconf 88' lang='lat' dir='ltr'>duo</span> <span class='ocrx_word' id='word_1_186' title='bbox 968 2536 1114 2602; x_wconf 89' lang='lat' dir='ltr'>membra</span> <span class='ocrx_word' id='word_1_187' title='bbox 1142 2534 1392 2621; x_wconf 86' lang='lat' dir='ltr'>distinguantur</span> 
     </span>
     <span class='ocr_line' id='line_1_23' title="bbox 218 2642 1391 2724; baseline 0 -16"><span class='ocrx_word' id='word_1_188' title='bbox 218 2662 316 2724; x_wconf 86' lang='lat' dir='ltr'>quam</span> <span class='ocrx_word' id='word_1_189' title='bbox 340 2643 422 2722; x_wconf 81' lang='lat' dir='ltr'>tria3</span> <span class='ocrx_word' id='word_1_190' title='bbox 447 2642 506 2711; x_wconf 86' lang='lat' dir='ltr'>cfr.</span> <span class='ocrx_word' id='word_1_191' title='bbox 531 2643 660 2711; x_wconf 78' lang='lat' dir='ltr'>Kohler</span> <span class='ocrx_word' id='word_1_192' title='bbox 675 2642 762 2709; x_wconf 74' lang='lat' dir='ltr'>Act.</span> <span class='ocrx_word' id='word_1_193' title='bbox 789 2642 875 2710; x_wconf 84' lang='lat' dir='ltr'>Sem.</span> <span class='ocrx_word' id='word_1_194' title='bbox 892 2643 962 2709; x_wconf 81' lang='lat' dir='ltr'>Erl.</span> <span class='ocrx_word' id='word_1_195' title='bbox 987 2643 1096 2708; x_wconf 77' lang='lat'>1148.</span> <span class='ocrx_word' id='word_1_196' title='bbox 1133 2642 1241 2708; x_wconf 88' lang='lat' dir='ltr'>Locus</span> <span class='ocrx_word' id='word_1_197' title='bbox 1265 2642 1305 2708; x_wconf 88' lang='lat' dir='ltr'>de</span> <span class='ocrx_word' id='word_1_198' title='bbox 1328 2661 1391 2723; x_wconf 91' lang='lat' dir='ltr'>quo</span> 
     </span>
    </p>
   </div>
   <div class='ocr_carea' id='block_1_3' title="bbox 219 2749 1392 2838">
    <p class='ocr_par' dir='ltr' id='par_1_5' title="bbox 219 2749 1392 2838">
     <span class='ocr_line' id='line_1_24' title="bbox 219 2749 1392 2838; baseline 0.003 -22"><span class='ocrx_word' id='word_1_199' title='bbox 219 2750 291 2816; x_wconf 89' lang='lat' dir='ltr'>dico</span> <span class='ocrx_word' id='word_1_200' title='bbox 316 2753 369 2816; x_wconf 90' lang='grc' dir='ltr'>θεῖ</span> <span class='ocrx_word' id='word_1_201' title='bbox 397 2750 440 2816; x_wconf 82' lang='lat' dir='ltr'>ac</span> <span class='ocrx_word' id='word_1_202' title='bbox 463 2749 540 2818; x_wconf 85' lang='lat' dir='ltr'>Att.</span> <span class='ocrx_word' id='word_1_203' title='bbox 564 2752 583 2818; x_wconf 93' lang='grc' dir='ltr'>Ι</span> <span class='ocrx_word' id='word_1_204' title='bbox 608 2757 681 2834; x_wconf 82' lang='grc'>20,1</span> <span class='ocrx_word' id='word_1_205' title='bbox 708 2750 788 2838; x_wconf 80' lang='lat' dir='ltr'>(quo</span> <span class='ocrx_word' id='word_1_206' title='bbox 815 2754 852 2820; x_wconf 84' lang='lat' dir='ltr'>de</span> <span class='ocrx_word' id='word_1_207' title='bbox 879 2775 914 2820; x_wconf 89' lang='lat' dir='ltr'>re</span> <span class='ocrx_word' id='word_1_208' title='bbox 942 2775 1013 2820; x_wconf 83' lang='lat' dir='ltr'>eum</span> <span class='ocrx_word' id='word_1_209' title='bbox 1044 2754 1087 2819; x_wconf 80' lang='lat' dir='ltr'>orl</span> <span class='ocrx_word' id='word_1_210' title='bbox 1108 2774 1158 2819; x_wconf 84' lang='lat' dir='ltr'>roe</span> <span class='ocrx_word' id='word_1_211' title='bbox 1180 2754 1228 2820; x_wconf 79' lang='lat' dir='ltr'>ito</span> <span class='ocrx_word' id='word_1_212' title='bbox 1250 2753 1392 2819; x_wconf 81' lang='lat' dir='ltr'>securiter</span> 
     </span>
    </p>
   </div>
   <div class='ocr_carea' id='block_1_4' title="bbox 219 2856 1393 3578">
    <p class='ocr_par' dir='ltr' id='par_1_6' title="bbox 219 2856 1393 3578">
     <span class='ocr_line' id='line_1_25' title="bbox 219 2856 1391 2945; baseline -0.002 -19"><span class='ocrx_word' id='word_1_213' title='bbox 219 2859 390 2945; x_wconf 73' lang='lat' dir='ltr'>dilipeoter</span> <span class='ocrx_word' id='word_1_214' title='bbox 412 2859 551 2945; x_wconf 82' lang='lat' dir='ltr'>officiose</span> <span class='ocrx_word' id='word_1_215' title='bbox 574 2866 604 2926; x_wconf 87' lang='lat' dir='ltr'>et</span> <span class='ocrx_word' id='word_1_216' title='bbox 625 2859 812 2928; x_wconf 79' lang='lat' dir='ltr'>humaniter</span> <span class='ocrx_word' id='word_1_217' title='bbox 834 2859 1001 2945; x_wconf 79' lang='lat' dir='ltr'>scripseris</span> <span class='ocrx_word' id='word_1_218' title='bbox 1016 2856 1084 2943; x_wconf 88' lang='lat'>-),</span> <span class='ocrx_word' id='word_1_219' title='bbox 1108 2856 1164 2924; x_wconf 89' lang='lat' dir='ltr'>ubi</span> <span class='ocrx_word' id='word_1_220' title='bbox 1187 2856 1263 2926; x_wconf 86' lang='lat' dir='ltr'>vide</span> <span class='ocrx_word' id='word_1_221' title='bbox 1281 2858 1391 2933; x_wconf 85' lang='lat' dir='ltr'>Boot,</span> 
     </span>
     <span class='ocr_line' id='line_1_26' title="bbox 220 2962 1391 3045; baseline 0.002 -17"><span class='ocrx_word' id='word_1_222' title='bbox 220 2963 276 3044; x_wconf 89' lang='lat' dir='ltr'>qui</span> <span class='ocrx_word' id='word_1_223' title='bbox 306 2965 399 3029; x_wconf 91' lang='lat' dir='ltr'>recte</span> <span class='ocrx_word' id='word_1_224' title='bbox 430 2966 540 3029; x_wconf 88' lang='lat' dir='ltr'>monet</span> <span class='ocrx_word' id='word_1_225' title='bbox 568 2962 818 3031; x_wconf 73' lang='lat' dir='ltr'>clucet-nendum</span> <span class='ocrx_word' id='word_1_226' title='bbox 849 2982 922 3030; x_wconf 87' lang='lat' dir='ltr'>esse</span> <span class='ocrx_word' id='word_1_227' title='bbox 953 2964 1042 3030; x_wconf 89' lang='lat' dir='ltr'>inter</span> <span class='ocrx_word' id='word_1_228' title='bbox 1073 2982 1128 3030; x_wconf 91' lang='lat' dir='ltr'>eos</span> <span class='ocrx_word' id='word_1_229' title='bbox 1157 2964 1246 3030; x_wconf 86' lang='lat' dir='ltr'>locos</span> <span class='ocrx_word' id='word_1_230' title='bbox 1275 2964 1391 3045; x_wconf 89' lang='lat' dir='ltr'>quibus</span> 
     </span>
     <span class='ocr_line' id='line_1_27' title="bbox 221 3068 1391 3156; baseline -0.002 -18"><span class='ocrx_word' id='word_1_231' title='bbox 221 3094 280 3156; x_wconf 79' lang='lat' dir='ltr'>que</span> <span class='ocrx_word' id='word_1_232' title='bbox 308 3073 343 3135; x_wconf 89' lang='lat' dir='ltr'>et</span> <span class='ocrx_word' id='word_1_233' title='bbox 372 3089 428 3137; x_wconf 90' lang='lat' dir='ltr'>eos</span> <span class='ocrx_word' id='word_1_234' title='bbox 457 3069 572 3152; x_wconf 89' lang='lat' dir='ltr'>quibus</span> <span class='ocrx_word' id='word_1_235' title='bbox 602 3079 631 3139; x_wconf 88' lang='lat' dir='ltr'>et</span> <span class='ocrx_word' id='word_1_236' title='bbox 658 3068 802 3152; x_wconf 90' lang='lat' dir='ltr'>positum</span> <span class='ocrx_word' id='word_1_237' title='bbox 829 3069 883 3135; x_wconf 90' lang='lat' dir='ltr'>sit.</span> <span class='ocrx_word' id='word_1_238' title='bbox 930 3068 1087 3137; x_wconf 79' lang='lat' dir='ltr'>ceterum</span> <span class='ocrx_word' id='word_1_239' title='bbox 1110 3089 1175 3136; x_wconf 91' lang='lat' dir='ltr'>non</span> <span class='ocrx_word' id='word_1_240' title='bbox 1198 3070 1295 3136; x_wconf 90' lang='lat' dir='ltr'>credo</span> <span class='ocrx_word' id='word_1_241' title='bbox 1319 3089 1391 3136; x_wconf 90' lang='lat' dir='ltr'>cum</span> 
     </span>
     <span class='ocr_line' id='line_1_28' title="bbox 220 3174 1390 3258; baseline -0.001 -15"><span class='ocrx_word' id='word_1_242' title='bbox 220 3176 359 3243; x_wconf 87' lang='lat' dir='ltr'>Baitero</span> <span class='ocrx_word' id='word_1_243' title='bbox 391 3185 441 3241; x_wconf 76' lang='lat' dir='ltr'>et.</span> <span class='ocrx_word' id='word_1_244' title='bbox 454 3174 575 3244; x_wconf 90' lang='lat' dir='ltr'>Bootio</span> <span class='ocrx_word' id='word_1_245' title='bbox 606 3174 693 3258; x_wconf 88' lang='lat' dir='ltr'>apud</span> <span class='ocrx_word' id='word_1_246' title='bbox 720 3175 912 3243; x_wconf 75' lang='lat' dir='ltr'>Ciceronem</span> <span class='ocrx_word' id='word_1_247' title='bbox 943 3175 965 3241; x_wconf 92' lang='lat' dir='ltr'>l.</span> <span class='ocrx_word' id='word_1_248' title='bbox 989 3176 1011 3240; x_wconf 93' lang='lat' dir='ltr'>l.</span> <span class='ocrx_word' id='word_1_249' title='bbox 1041 3186 1071 3246; x_wconf 87' lang='lat' dir='ltr'>et</span> <span class='ocrx_word' id='word_1_250' title='bbox 1100 3195 1173 3243; x_wconf 86' lang='lat' dir='ltr'>esse</span> <span class='ocrx_word' id='word_1_251' title='bbox 1204 3176 1390 3258; x_wconf 70' lang='lat' dir='ltr'>delendum,</span> 
     </span>
     <span class='ocr_line' id='line_1_29' title="bbox 221 3281 1393 3365; baseline 0 -16"><span class='ocrx_word' id='word_1_252' title='bbox 221 3301 297 3349; x_wconf 91' lang='lat' dir='ltr'>nam</span> <span class='ocrx_word' id='word_1_253' title='bbox 325 3282 434 3364; x_wconf 91' lang='lat' dir='ltr'>potuit</span> <span class='ocrx_word' id='word_1_254' title='bbox 463 3283 549 3349; x_wconf 89' lang='lat' dir='ltr'>haud</span> <span class='ocrx_word' id='word_1_255' title='bbox 577 3281 674 3350; x_wconf 90' lang='lat' dir='ltr'>dubie</span> <span class='ocrx_word' id='word_1_256' title='bbox 702 3281 818 3349; x_wconf 86' lang='lat' dir='ltr'>Oicero</span> <span class='ocrx_word' id='word_1_257' title='bbox 845 3281 881 3348; x_wconf 92' lang='lat' dir='ltr'>in</span> <span class='ocrx_word' id='word_1_258' title='bbox 908 3281 1053 3365; x_wconf 88' lang='lat' dir='ltr'>epistula</span> <span class='ocrx_word' id='word_1_259' title='bbox 1079 3284 1166 3350; x_wconf 90' lang='lat' dir='ltr'>banc</span> <span class='ocrx_word' id='word_1_260' title='bbox 1189 3287 1393 3350; x_wconf 88' lang='lat' dir='ltr'>structuram</span> 
     </span>
     <span class='ocr_line' id='line_1_30' title="bbox 221 3387 1392 3476; baseline 0.002 -22"><span class='ocrx_word' id='word_1_261' title='bbox 221 3389 328 3456; x_wconf 87' lang='lat' dir='ltr'>miuus</span> <span class='ocrx_word' id='word_1_262' title='bbox 338 3387 631 3476; x_wconf 55' lang='lat' dir='ltr'>elegantembsibi</span> <span class='ocrx_word' id='word_1_263' title='bbox 640 3389 818 3458; x_wconf 88' lang='lat' dir='ltr'>concedere</span> <span class='ocrx_word' id='word_1_264' title='bbox 827 3388 918 3457; x_wconf 89' lang='lat' dir='ltr'>ouius</span> <span class='ocrx_word' id='word_1_265' title='bbox 928 3390 1078 3473; x_wconf 82' lang='lat' dir='ltr'>exempla</span> <span class='ocrx_word' id='word_1_266' title='bbox 1087 3388 1392 3475; x_wconf 72' lang='lat' dir='ltr'>apudVarronoml)</span> 
     </span>
     <span class='ocr_line' id='line_1_31' title="bbox 224 3495 651 3578; baseline 0.002 -17"><span class='ocrx_word' id='word_1_267' title='bbox 224 3495 403 3578; x_wconf 89' lang='lat' dir='ltr'>compluria</span> <span class='ocrx_word' id='word_1_268' title='bbox 425 3495 651 3564; x_wconf 89' lang='lat' dir='ltr'>inveniuntur:</span> 
     </span>
    </p>
   </div>
   <div class='ocr_carea' id='block_1_5' title="bbox 221 3670 1394 4544">
    <p class='ocr_par' dir='ltr' id='par_1_7' title="bbox 221 3670 1393 4010">
     <span class='ocr_line' id='line_1_32' title="bbox 316 3670 1393 3742; baseline -0.001 -16"><span class='ocrx_word' id='word_1_269' title='bbox 316 3671 336 3742; x_wconf 87' lang='lat'>¹)</span> <span class='ocrx_word' id='word_1_270' title='bbox 356 3671 499 3727; x_wconf 88' lang='lat' dir='ltr'>Particula</span> <span class='ocrx_word' id='word_1_271' title='bbox 517 3687 558 3726; x_wconf 83' lang='lat' dir='ltr'>oe</span> <span class='ocrx_word' id='word_1_272' title='bbox 576 3686 637 3727; x_wconf 86' lang='lat' dir='ltr'>cum</span> <span class='ocrx_word' id='word_1_273' title='bbox 655 3686 710 3728; x_wconf 89' lang='lat' dir='ltr'>uon</span> <span class='ocrx_word' id='word_1_274' title='bbox 727 3686 791 3726; x_wconf 85' lang='lat' dir='ltr'>raro</span> <span class='ocrx_word' id='word_1_275' title='bbox 811 3671 885 3726; x_wconf 88' lang='lat' dir='ltr'>iuter</span> <span class='ocrx_word' id='word_1_276' title='bbox 898 3672 1047 3727; x_wconf 80' lang='lat' dir='ltr'>secundum</span> <span class='ocrx_word' id='word_1_277' title='bbox 1065 3670 1215 3726; x_wconf 89' lang='lat' dir='ltr'>membrum</span> <span class='ocrx_word' id='word_1_278' title='bbox 1233 3675 1263 3725; x_wconf 91' lang='lat' dir='ltr'>et</span> <span class='ocrx_word' id='word_1_279' title='bbox 1279 3670 1393 3726; x_wconf 88' lang='lat' dir='ltr'>tertium</span> 
     </span>
     <span class='ocr_line' id='line_1_33' title="bbox 223 3759 1393 3830; baseline 0 -16"><span class='ocrx_word' id='word_1_280' title='bbox 223 3759 426 3830; x_wconf 87' lang='lat' dir='ltr'>interponatur,</span> <span class='ocrx_word' id='word_1_281' title='bbox 447 3761 481 3816; x_wconf 89' lang='lat' dir='ltr'>ab</span> <span class='ocrx_word' id='word_1_282' title='bbox 500 3760 540 3816; x_wconf 84' lang='lat' dir='ltr'>eie</span> <span class='ocrx_word' id='word_1_283' title='bbox 559 3760 627 3816; x_wconf 85' lang='lat' dir='ltr'>locis</span> <span class='ocrx_word' id='word_1_284' title='bbox 647 3760 744 3829; x_wconf 84' lang='lat' dir='ltr'>quibus</span> <span class='ocrx_word' id='word_1_285' title='bbox 763 3760 792 3815; x_wconf 84' lang='lat' dir='ltr'>iu</span> <span class='ocrx_word' id='word_1_286' title='bbox 809 3759 843 3815; x_wconf 91' lang='lat' dir='ltr'>fit</span> <span class='ocrx_word' id='word_1_287' title='bbox 860 3759 1053 3815; x_wconf 85' lang='lat' dir='ltr'>abstinendum</span> <span class='ocrx_word' id='word_1_288' title='bbox 1078 3767 1131 3815; x_wconf 87' lang='lat' dir='ltr'>eet.</span> <span class='ocrx_word' id='word_1_289' title='bbox 1169 3760 1393 3828; x_wconf 80' lang='lat' dir='ltr'>Quemquamne</span> 
     </span>
     <span class='ocr_line' id='line_1_34' title="bbox 221 3848 1393 3921; baseline 0.001 -18"><span class='ocrx_word' id='word_1_290' title='bbox 221 3849 294 3904; x_wconf 84' lang='lat' dir='ltr'>Keil.</span> <span class='ocrx_word' id='word_1_291' title='bbox 308 3848 418 3916; x_wconf 83' lang='lat' dir='ltr'>quidem</span> <span class='ocrx_word' id='word_1_292' title='bbox 437 3849 590 3918; x_wconf 83' lang='lat' dir='ltr'>utriusque</span> <span class='ocrx_word' id='word_1_293' title='bbox 601 3850 712 3921; x_wconf 80' lang='lat' dir='ltr'>generis</span> <span class='ocrx_word' id='word_1_294' title='bbox 730 3850 806 3905; x_wconf 86' lang='lat' dir='ltr'>locos</span> <span class='ocrx_word' id='word_1_295' title='bbox 825 3849 957 3906; x_wconf 84' lang='lat' dir='ltr'>discrevit</span> <span class='ocrx_word' id='word_1_296' title='bbox 974 3848 1002 3903; x_wconf 90' lang='lat' dir='ltr'>in</span> <span class='ocrx_word' id='word_1_297' title='bbox 1022 3865 1118 3904; x_wconf 85' lang='lat' dir='ltr'>comm.</span> <span class='ocrx_word' id='word_1_298' title='bbox 1131 3848 1167 3905; x_wconf 84' lang='lat' dir='ltr'>ad</span> <span class='ocrx_word' id='word_1_299' title='bbox 1179 3851 1230 3917; x_wconf 79' lang='lat'>14,</span> <span class='ocrx_word' id='word_1_300' title='bbox 1246 3851 1270 3904; x_wconf 90' lang='grc'>1.</span> <span class='ocrx_word' id='word_1_301' title='bbox 1301 3849 1393 3906; x_wconf 85' lang='lat' dir='ltr'>Minus</span> 
     </span>
     <span class='ocr_line' id='line_1_35' title="bbox 223 3939 922 4010; baseline 0.001 -16"><span class='ocrx_word' id='word_1_302' title='bbox 223 3944 353 3996; x_wconf 87' lang='lat' dir='ltr'>accurato</span> <span class='ocrx_word' id='word_1_303' title='bbox 372 3939 457 3995; x_wconf 84' lang='lat' dir='ltr'>etiam</span> <span class='ocrx_word' id='word_1_304' title='bbox 475 3939 616 3995; x_wconf 80' lang='lat' dir='ltr'>Hofmamr</span> <span class='ocrx_word' id='word_1_305' title='bbox 636 3940 692 3995; x_wconf 85' lang='lat' dir='ltr'>Cic.</span> <span class='ocrx_word' id='word_1_306' title='bbox 711 3939 763 4010; x_wconf 83' lang='lat' dir='ltr'>Ep.</span> <span class='ocrx_word' id='word_1_307' title='bbox 782 3940 797 3994; x_wconf 93' lang='lat'>1</span> <span class='ocrx_word' id='word_1_308' title='bbox 815 3957 842 4010; x_wconf 90' lang='lat' dir='ltr'>p.</span> <span class='ocrx_word' id='word_1_309' title='bbox 862 3940 922 3995; x_wconf 87' lang='lat'>148.</span> 
     </span>
    </p>

    <p class='ocr_par' dir='ltr' id='par_1_8' title="bbox 223 4024 1394 4275">
     <span class='ocr_line' id='line_1_36' title="bbox 313 4024 1393 4099; baseline -0.002 -17"><span class='ocrx_word' id='word_1_310' title='bbox 313 4028 335 4099; x_wconf 73' lang='lat'>²)</span> <span class='ocrx_word' id='word_1_311' title='bbox 354 4027 485 4084; x_wconf 81' lang='lat' dir='ltr'>Fortasse</span> <span class='ocrx_word' id='word_1_312' title='bbox 503 4044 538 4084; x_wconf 88' lang='lat' dir='ltr'>ne</span> <span class='ocrx_word' id='word_1_313' title='bbox 556 4029 608 4084; x_wconf 92' lang='lat' dir='ltr'>hoc</span> <span class='ocrx_word' id='word_1_314' title='bbox 627 4028 735 4096; x_wconf 84' lang='lat' dir='ltr'>quidem</span> <span class='ocrx_word' id='word_1_315' title='bbox 759 4029 819 4083; x_wconf 87' lang='lat' dir='ltr'>loco</span> <span class='ocrx_word' id='word_1_316' title='bbox 844 4043 911 4097; x_wconf 86' lang='lat' dir='ltr'>opus</span> <span class='ocrx_word' id='word_1_317' title='bbox 938 4031 982 4083; x_wconf 86' lang='lat' dir='ltr'>est</span> <span class='ocrx_word' id='word_1_318' title='bbox 1002 4026 1128 4082; x_wconf 77' lang='lat' dir='ltr'>Ciceroni</span> <span class='ocrx_word' id='word_1_319' title='bbox 1147 4025 1281 4082; x_wconf 86' lang='lat' dir='ltr'>eiusmodi</span> <span class='ocrx_word' id='word_1_320' title='bbox 1299 4024 1393 4096; x_wconf 82' lang='lat' dir='ltr'>negle-</span> 
     </span>
     <span class='ocr_line' id='line_1_37' title="bbox 225 4113 1394 4187; baseline -0.003 -16"><span class='ocrx_word' id='word_1_321' title='bbox 225 4116 350 4187; x_wconf 81' lang='lat' dir='ltr'>gentiam</span> <span class='ocrx_word' id='word_1_322' title='bbox 367 4116 516 4186; x_wconf 85' lang='lat' dir='ltr'>vindicare,</span> <span class='ocrx_word' id='word_1_323' title='bbox 537 4117 561 4172; x_wconf 90' lang='lat' dir='ltr'>si</span> <span class='ocrx_word' id='word_1_324' title='bbox 581 4122 689 4174; x_wconf 85' lang='lat' dir='ltr'>statues</span> <span class='ocrx_word' id='word_1_325' title='bbox 708 4117 751 4173; x_wconf 83' lang='lat' dir='ltr'>bie</span> <span class='ocrx_word' id='word_1_326' title='bbox 769 4117 835 4173; x_wconf 84' lang='lat' dir='ltr'>bino</span> <span class='ocrx_word' id='word_1_327' title='bbox 855 4116 986 4173; x_wconf 86' lang='lat' dir='ltr'>adverbia</span> <span class='ocrx_word' id='word_1_328' title='bbox 1003 4116 1045 4171; x_wconf 86' lang='lat' dir='ltr'>ita</span> <span class='ocrx_word' id='word_1_329' title='bbox 1064 4115 1208 4186; x_wconf 85' lang='lat' dir='ltr'>coniungi,</span> <span class='ocrx_word' id='word_1_330' title='bbox 1228 4120 1261 4169; x_wconf 93' lang='lat' dir='ltr'>ut</span> <span class='ocrx_word' id='word_1_331' title='bbox 1277 4113 1394 4170; x_wconf 88' lang='lat' dir='ltr'>tertium</span> 
     </span>
     <span class='ocr_line' id='line_1_38' title="bbox 223 4205 1132 4275; baseline 0.001 -15"><span class='ocrx_word' id='word_1_332' title='bbox 223 4205 425 4273; x_wconf 82' lang='lat' dir='ltr'>quodammodo</span> <span class='ocrx_word' id='word_1_333' title='bbox 445 4206 480 4261; x_wconf 89' lang='lat' dir='ltr'>ad</span> <span class='ocrx_word' id='word_1_334' title='bbox 499 4207 646 4263; x_wconf 84' lang='lat' dir='ltr'>secundum</span> <span class='ocrx_word' id='word_1_335' title='bbox 667 4210 784 4275; x_wconf 79' lang='lat' dir='ltr'>spectet,</span> <span class='ocrx_word' id='word_1_336' title='bbox 805 4210 934 4273; x_wconf 86' lang='lat' dir='ltr'>quartum</span> <span class='ocrx_word' id='word_1_337' title='bbox 954 4205 989 4260; x_wconf 84' lang='lat' dir='ltr'>ad</span> <span class='ocrx_word' id='word_1_338' title='bbox 1007 4205 1132 4274; x_wconf 89' lang='lat' dir='ltr'>primum.</span> 
     </span>
    </p>

    <p class='ocr_par' dir='ltr' id='par_1_9' title="bbox 224 4290 1394 4544">
     <span class='ocr_line' id='line_1_39' title="bbox 314 4290 1393 4366; baseline -0.006 -15"><span class='ocrx_word' id='word_1_339' title='bbox 314 4295 334 4366; x_wconf 84' lang='lat'>³)</span> <span class='ocrx_word' id='word_1_340' title='bbox 353 4295 445 4351; x_wconf 88' lang='lat' dir='ltr'>Verba</span> <span class='ocrx_word' id='word_1_341' title='bbox 458 4311 527 4364; x_wconf 88' lang='lat' dir='ltr'>quae</span> <span class='ocrx_word' id='word_1_342' title='bbox 540 4296 672 4366; x_wconf 76' lang='lat' dir='ltr'>leguntur</span> <span class='ocrx_word' id='word_1_343' title='bbox 682 4296 697 4350; x_wconf 90' lang='lat'>1</span> <span class='ocrx_word' id='word_1_344' title='bbox 708 4299 734 4363; x_wconf 86' lang='lat'>4,</span> <span class='ocrx_word' id='word_1_345' title='bbox 755 4297 856 4366; x_wconf 84' lang='lat' dir='ltr'>loquo</span> <span class='ocrx_word' id='word_1_346' title='bbox 870 4301 945 4350; x_wconf 84' lang='lat' dir='ltr'>terro</span> <span class='ocrx_word' id='word_1_347' title='bbox 960 4294 1052 4349; x_wconf 79' lang='lat' dir='ltr'>anima</span> <span class='ocrx_word' id='word_1_348' title='bbox 1068 4298 1095 4348; x_wconf 82' lang='lat' dir='ltr'>et</span> <span class='ocrx_word' id='word_1_349' title='bbox 1108 4292 1151 4349; x_wconf 86' lang='lat' dir='ltr'>sol</span> <span class='ocrx_word' id='word_1_350' title='bbox 1164 4291 1288 4347; x_wconf 86' lang='lat' dir='ltr'>consulto</span> <span class='ocrx_word' id='word_1_351' title='bbox 1305 4290 1393 4359; x_wconf 88' lang='lat' dir='ltr'>omisi,</span> 
     </span>
     <span class='ocr_line' id='line_1_40' title="bbox 224 4381 1394 4456; baseline -0.003 -19"><span class='ocrx_word' id='word_1_352' title='bbox 224 4384 297 4451; x_wconf 86' lang='lat' dir='ltr'>quod</span> <span class='ocrx_word' id='word_1_353' title='bbox 314 4383 396 4439; x_wconf 84' lang='lat' dir='ltr'>Ennii</span> <span class='ocrx_word' id='word_1_354' title='bbox 416 4388 494 4452; x_wconf 89' lang='lat' dir='ltr'>suut,</span> <span class='ocrx_word' id='word_1_355' title='bbox 518 4400 571 4439; x_wconf 87' lang='lat' dir='ltr'>nou</span> <span class='ocrx_word' id='word_1_356' title='bbox 591 4384 736 4456; x_wconf 53' lang='lat' dir='ltr'>Varronis</span> <span class='ocrx_word' id='word_1_357' title='bbox 761 4384 882 4439; x_wconf 83' lang='lat' dir='ltr'>fortasse</span> <span class='ocrx_word' id='word_1_358' title='bbox 906 4398 1004 4439; x_wconf 86' lang='lat' dir='ltr'>versus</span> <span class='ocrx_word' id='word_1_359' title='bbox 1021 4381 1099 4438; x_wconf 89' lang='lat' dir='ltr'>heroi</span> <span class='ocrx_word' id='word_1_360' title='bbox 1118 4389 1268 4437; x_wconf 83' lang='lat' dir='ltr'>extremam</span> <span class='ocrx_word' id='word_1_361' title='bbox 1286 4385 1394 4449; x_wconf 86' lang='lat' dir='ltr'>partem</span> 
     </span>
     <span class='ocr_line' id='line_1_41' title="bbox 224 4468 1394 4544; baseline -0.003 -18"><span class='ocrx_word' id='word_1_362' title='bbox 224 4471 357 4529; x_wconf 85' lang='lat' dir='ltr'>alliciunt.</span> <span class='ocrx_word' id='word_1_363' title='bbox 395 4471 528 4528; x_wconf 83' lang='lat' dir='ltr'>Similiter</span> <span class='ocrx_word' id='word_1_364' title='bbox 551 4472 657 4544; x_wconf 83' lang='lat' dir='ltr'>legitur</span> <span class='ocrx_word' id='word_1_365' title='bbox 680 4472 753 4543; x_wconf 81' lang='lat' dir='ltr'>apud</span> <span class='ocrx_word' id='word_1_366' title='bbox 778 4472 917 4528; x_wconf 82' lang='lat' dir='ltr'>catullum</span> <span class='ocrx_word' id='word_1_367' title='bbox 936 4473 984 4539; x_wconf 85' lang='grc'>63,</span> <span class='ocrx_word' id='word_1_368' title='bbox 1003 4471 1037 4527; x_wconf 86' lang='grc'>60</span> <span class='ocrx_word' id='word_1_369' title='bbox 1056 4470 1145 4526; x_wconf 81' lang='lat' dir='ltr'>Abero</span> <span class='ocrx_word' id='word_1_370' title='bbox 1166 4470 1233 4541; x_wconf 85' lang='lat' dir='ltr'>soro</span> <span class='ocrx_word' id='word_1_371' title='bbox 1248 4468 1394 4541; x_wconf 81' lang='lat' dir='ltr'>palaestra</span> 
     </span>
    </p>
   </div>
   <div class='ocr_carea' id='block_1_6' title="bbox 0 0 1607 5034">
    <p class='ocr_par' dir='ltr' id='par_1_10' title="bbox 0 0 1607 5034">
     <span class='ocr_line' id='line_1_42' title="bbox 0 0 1607 5034; baseline 0 0"><span class='ocrx_word' id='word_1_372' title='bbox 0 0 1607 5034; x_wconf 95' lang='lat' dir='ltr'> </span> 
     </span>
    </p>
   </div>
  </div>
 </body>
</html>
