3184 5034
684 265 907 323 ..66-

751 434 847 523 §aa

299 544 391 611 Nota
414 548 468 610 est
498 542 649 612 brevitas
673 543 707 608 in
729 560 791 609 usu
813 542 998 626 particulae
1022 567 1151 630 qnam3
1182 541 1241 609 cfr.
1265 543 1305 610 Il
1328 549 1383 618 4,4

210 653 239 717 si
249 653 360 736 potins
376 674 415 720 eor
430 653 481 718 bis
493 651 569 718 iocis
580 653 635 718 adi
649 657 834 719 nascantur
848 652 972 736 amplae
984 648 1381 735 qnamfintelligendum:

213 773 255 821 ex
278 755 320 822 iis
344 755 400 823 ubi
422 757 616 838 nascuntur)
641 759 747 840 eriles,
769 759 916 843 pararis3
940 755 1021 822 item
1043 756 1113 826 Vl
1136 754 1193 821 ubi
1216 755 1382 839 inpriore

208 863 352 928 membro
387 861 532 946 integra,
567 861 602 928 in
626 861 733 928 altero
762 861 893 929 brevior
923 866 1093 928 structura
1124 861 1263 945 legitur:
1298 871 1382 931 recto

208 992 286 1037 casn
317 993 388 1038 cnm
418 972 555 1038 dirimas
577 970 689 1056 Inpos,
722 971 887 1038 obscurius
917 977 1050 1038 estesse
1076 971 1261 1056 apotentia
1284 992 1382 1055 qnam

208 1099 281 1144 cnm
303 1078 440 1146 dirimas
461 1077 625 1162 Innatam,
648 1084 676 1144 et
699 1099 733 1144 eo
757 1079 921 1144 obscurius
939 1077 992 1160 fit,
1024 1078 1054 1143 si
1076 1078 1165 1145 dicas
1186 1077 1252 1143 Pos
1283 1097 1381 1160 arram

209 1182 320 1262 Ianos.
369 1181 486 1248 Paullo
510 1181 612 1248 aliter
634 1182 673 1248 II
697 1185 789 1264 2,19:
818 1186 935 1251 baram
957 1180 1014 1268 (=
1038 1181 1147 1249 ovium
1177 1180 1379 1265 pellitarum)

201 1291 371 1374 praesepia
401 1312 439 1357 ao
466 1291 590 1357 stabnla
612 1297 649 1356 nt
671 1291 739 1357 sint
755 1311 854 1374 para,
885 1290 1039 1358 maiorem
1068 1290 1218 1358 adhibent
1247 1290 1380 1375 diiiqen-

207 1397 287 1464 tiam
302 1417 407 1478 ¹qaam
429 1397 557 1463 hirtis.
750 1480 769 1570 ἕ
816 1489 834 1546 O

795 1490 811 1546 5
838 1529 845 1544 .

298 1609 457 1674 Extremo
481 1607 516 1673 in
538 1608 599 1674 hoc
624 1606 736 1689 capite
759 1607 831 1673 loco
854 1624 961 1690 pauca
992 1607 1112 1674 addam
1144 1608 1183 1674 de
1207 1627 1248 1674 ea
1270 1608 1379 1676 brevi·

207 1715 292 1782 tatis
315 1715 420 1782 forma
444 1733 527 1796 quae
552 1714 714 1798 appellari
737 1715 823 1781 solet
846 1733 992 1798 zeugma,
1017 1733 1114 1796 qnam
1147 1715 1234 1797 apud
1257 1716 1378 1785 Varro-

206 1841 282 1888 nem
312 1840 376 1887 non
408 1841 483 1888 raro
514 1820 655 1889 inveniri
685 1840 750 1887 nou
773 1819 973 1902 mirabimur,
1008 1839 1081 1887 cum
1115 1839 1157 1887 ne
1192 1820 1223 1888 ei
1247 1820 1376 1902 quidem

206 1932 359 1995 auctores
383 1946 457 1994 eam
481 1925 684 1994 evitaverint
707 1926 763 2007 qui
786 1945 910 1991 summa
934 1944 1006 1991 cum
1022 1925 1197 2011 diligentia
1221 1927 1377 1995 elocutio-

206 2053 279 2101 nem
303 2033 560 2116 perpoliverunt
585 2031 643 2098 eir.
668 2030 808 2097 Kiihner
830 2051 860 2114 p.
889 2037 1038 2107 menta.

296 2142 414 2223 Iam
446 2143 560 2207 mitons
584 2191 591 2206 .
617 2186 623 2201 .
649 2140 825 2224 appellatas
855 2162 876 2207 a
906 2141 983 2207 mlta
1013 2142 1096 2222 qaod
1129 2142 1167 2208 ab
1190 2163 1224 2207 eo
1246 2143 1286 2208 in
1308 2163 1377 2208 eam

205 2251 429 2318 noncobantnr
451 2250 580 2333 fractas
610 2254 640 2314 et
662 2249 840 2315 eaebnntar
865 2245 948 2331 (scil.
975 2264 1015 2310 ex
1039 2244 1093 2332 aa)
1118 2269 1190 2314 enm
1216 2254 1376 2330 aenennt;

206 2355 222 2418 Ι
249 2361 322 2432 16,6
347 2354 402 2436 qui
425 2354 517 2419 locus
540 2370 612 2419 cum
637 2351 827 2433 ceteroquin
850 2351 1033 2418 simillimus
1058 2351 1113 2434 sit,
1138 2370 1179 2417 ea
1201 2371 1237 2416 re
1265 2350 1375 2418 differt

207 2461 292 2543 quod
315 2480 380 2528 non
395 2459 430 2526 in
445 2459 627 2542 posteriore
644 2458 751 2525 sedin
768 2458 987 2524 antecedente
1008 2459 1150 2524 membro
1167 2456 1231 2522 loci
1250 2456 1374 2523 mentio

131 2555 141 2564 “
207 2567 430 2636 desideratur:
463 2570 493 2636 si
520 2570 590 2636 aiae
617 2575 695 2636 sant
719 2619 726 2635 .
753 2618 759 2633 .
786 2618 792 2632 .
817 2573 874 2635 ant
897 2566 1047 2650 flamina
1074 2567 1276 2650 proprinana
1299 2615 1306 2631 .
1332 2615 1338 2630 .
1366 2615 1373 2630 .

203 2679 317 2762 ammas
349 2678 495 2760 atrisqne
527 2676 621 2742 rebns
652 2675 738 2742 erebi
768 2681 862 2757 aione
893 2673 1001 2740 inaebi
1031 2673 1073 2739 ad
1106 2672 1208 2738 maiia
1236 2671 1374 2750 praedia

204 2786 324 2851 seimas
359 2817 401 2827 —
437 2780 479 2845 ad
511 2782 596 2847 erebi
619 2777 773 2844 subaudi:
809 2795 851 2843 ex
873 2776 1032 2858 praediis,
1067 2775 1126 2842 111
1150 2782 1202 2860 3,6
1227 2779 1374 2846 omnibns

202 2891 305 2957 tribas
327 2889 379 2954 bis
392 2888 562 2974 qeneribns
577 2892 656 2953 sant
670 2886 740 2952 bini
751 2886 884 2971 ornans,
908 2885 1090 2968 snperiores
1105 2906 1183 2968 qnos
1197 2885 1373 2970 fraqaiitas

202 2997 350 3077 antiqno,
375 2994 549 3078 inferiores
571 3015 649 3076 qnos
672 2993 807 3060 lanaria
824 2993 984 3076 posterior
1006 2991 1156 3058 adiecit.
1204 2989 1279 3055 Hoc
1302 2988 1372 3054 adi·

202 3099 311 3166 ciendi
333 3099 468 3166 verbum
492 3096 532 3162 de
557 3096 663 3162 altero
687 3096 790 3161 solum
814 3096 957 3161 membro
981 3105 1072 3161 recte
1096 3093 1225 3160 dicitur.

293 3206 346 3270 Ex
373 3205 473 3272 verbo
505 3201 596 3268 cuius
627 3200 718 3268 notio
749 3201 834 3267 satis
870 3199 1023 3284 angustis
1053 3199 1213 3267 limitibus
1244 3198 1372 3267 inclusa

200 3316 264 3387 est,
299 3311 334 3376 in
365 3311 472 3374 altero
504 3307 678 3373 enuntiato
708 3306 814 3372 simile
837 3307 982 3382 verbum,
1019 3307 1177 3387 ampliore
1201 3310 1313 3372 tamen
1336 3305 1371 3374 vi

200 3417 397 3501 praeditum,
423 3413 592 3504 subaudiri
621 3413 1031 3500 oportet117,29raaia
1061 3415 1129 3482 ioca
1159 3415 1275 3481 atilias
1305 3435 1370 3480 esse

198 3527 432 3596 mercennariis
466 3524 589 3590 catere
623 3544 719 3608 anam
750 3524 863 3605 seroie,
900 3529 928 3588 et
962 3523 1000 3588 in
1034 3521 1213 3588 salabribns
1247 3539 1369 3603 quoqne

200 3635 275 3701 locis
291 3653 403 3717 opera
418 3630 543 3697 rastioa
557 3631 682 3697 maiora
698 3625 783 3712 (scil.
800 3625 937 3706 iacere);
962 3623 1020 3689 cfr.
1036 3624 1178 3691 Ktihner
1193 3644 1222 3706 p.
1239 3629 1367 3707 1046,6.

200 3737 326 3804 Similis
349 3734 500 3803 brevitas
525 3733 700 3815 conspicua
724 3736 777 3799 est
800 3733 819 3798 Ι
841 3737 914 3814 20,2
938 3740 1008 3799 tam
1030 3734 1078 3800 ita
1100 3733 1309 3818 saonensem
1331 3741 1368 3800 nt

197 3846 385 3914 minutatim
405 3843 628 3928 adsuefaciunt
651 3849 680 3908 et
702 3847 739 3908 nt
759 3843 897 3908 tironem
919 3862 991 3906 eam
1013 3847 1161 3907 veterano
1183 3840 1368 3924 adinnqant

199 3958 325 4019 ...ot
343 3951 489 4034 primam
522 3950 561 4017 in
583 3969 682 4031 aeona
717 3948 782 4014 loeo
816 3954 845 4014 a
874 3948 946 4014 sine
975 3953 1095 4028 aratro,
1130 3952 1199 4013 tam
1233 3967 1266 4012 eo
1296 3945 1364 4028 ieri,

192 4057 359 4143 principio
379 4076 438 4139 per
460 4056 616 4121 harenam
638 4060 696 4122 ant
717 4053 892 4121 molliorem
914 4059 1052 4134 terram,
1078 4049 1137 4115 ΙΠ
1160 4057 1178 4112 8
1203 4048 1290 4114 med:
1314 4053 1365 4118 in·

193 4163 313 4247 fimnm
336 4162 481 4228 ordinem
505 4167 623 4244 oportet
645 4161 749 4226 abesse
771 4183 792 4227 a
814 4168 901 4227 terra
930 4180 1000 4227 non
1029 4159 1141 4226 minas
1171 4163 1234 4224 tres
1259 4158 1363 4242 pedes,

195 4271 283 4337 inter
305 4269 444 4352 retiqaos
467 4267 637 4334 dodrantes
661 4263 744 4349 (scil.
768 4264 932 4332 interesse
957 4264 1112 4345 oportet).

286 4373 349 4437 Ex'
374 4369 595 4454 praecedente
629 4371 730 4438 verbo
764 4369 923 4454 negativo
958 4367 1140 4452 supplenda
1180 4370 1232 4432 est
1271 4365 1366 4434 verbi

194 4477 285 4545 notio
308 4477 455 4559 positiva
478 4478 498 4544 I
524 4483 595 4559 12,3
626 4479 848 4561 Vitandnm,
883 4478 999 4557 inanit,
1035 4499 1077 4544 ne
1110 4478 1149 4544 in
1179 4497 1232 4544 eas
1253 4481 1364 4560 partes
