<?xml version="1.0" encoding="UTF-8"?>
<!DOCTYPE html PUBLIC "-//W3C//DTD XHTML 1.0 Transitional//EN"
    "http://www.w3.org/TR/xhtml1/DTD/xhtml1-transitional.dtd">
<html xmlns="http://www.w3.org/1999/xhtml" xml:lang="en" lang="en">
 <head>
  <title>
</title>
<meta http-equiv="Content-Type" content="text/html;charset=utf-8" />
  <meta name='ocr-system' content='tesseract 3.04.00' />
  <meta name='ocr-capabilities' content='ocr_page ocr_carea ocr_par ocr_line ocrx_word'/>
</head>
<body>
  <div class='ocr_page' id='page_1' title='image "./devarronianoscr00krumgoog_0018.png"; bbox 0 0 3184 5034; ppageno 0'>
   <div class='ocr_carea' id='block_1_1' title="bbox 703 273 923 334">
    <p class='ocr_par' dir='ltr' id='par_1_1' title="bbox 703 273 923 334">
     <span class='ocr_line' id='line_1_1' title="bbox 703 273 923 334; baseline 0 -16"><span class='ocrx_word' id='word_1_1' title='bbox 703 273 923 334; x_wconf 77' lang='lat'><strong>...13-</strong></span> 
     </span>
    </p>
   </div>
   <div class='ocr_carea' id='block_1_2' title="bbox 224 441 1400 1919">
    <p class='ocr_par' dir='ltr' id='par_1_2' title="bbox 227 441 1399 641">
     <span class='ocr_line' id='line_1_2' title="bbox 227 441 1399 532; baseline 0.005 -16"><span class='ocrx_word' id='word_1_2' title='bbox 227 441 576 518; x_wconf 62' lang='lat' dir='ltr'><strong>manuciolum</strong></span> <span class='ocrx_word' id='word_1_3' title='bbox 599 469 696 516; x_wconf 81' lang='lat' dir='ltr'><strong>scam</strong></span> <span class='ocrx_word' id='word_1_4' title='bbox 720 470 786 516; x_wconf 79' lang='lat' dir='ltr'><strong>eoae</strong></span> <span class='ocrx_word' id='word_1_5' title='bbox 809 449 925 532; x_wconf 57' lang='grc'><strong>1111111·</strong></span> <span class='ocrx_word' id='word_1_6' title='bbox 948 447 982 517; x_wconf 87' lang='lat' dir='ltr'><strong>V</strong></span> <span class='ocrx_word' id='word_1_7' title='bbox 999 453 1039 512; x_wconf 78' lang='grc'><strong>68</strong></span> <span class='ocrx_word' id='word_1_8' title='bbox 1064 457 1093 518; x_wconf 83' lang='lat' dir='ltr'><strong>et</strong></span> <span class='ocrx_word' id='word_1_9' title='bbox 1121 443 1264 521; x_wconf 76' lang='lat' dir='ltr'><strong>Victoria</strong></span> <span class='ocrx_word' id='word_1_10' title='bbox 1287 442 1317 521; x_wconf 83' lang='lat' dir='ltr'><strong>oi</strong></span> <span class='ocrx_word' id='word_1_11' title='bbox 1344 452 1399 522; x_wconf 84' lang='lat' dir='ltr'><strong>Ve-</strong></span> 
     </span>
     <span class='ocr_line' id='line_1_3' title="bbox 227 551 1398 641; baseline 0.004 -18"><span class='ocrx_word' id='word_1_12' title='bbox 227 577 294 625; x_wconf 80' lang='lat' dir='ltr'><strong>nas</strong></span> <span class='ocrx_word' id='word_1_13' title='bbox 315 555 438 622; x_wconf 69' lang='lat' dir='ltr'><strong>elato</strong></span> <span class='ocrx_word' id='word_1_14' title='bbox 459 551 650 641; x_wconf 62' lang='lat' dir='ltr'><strong>Cottona-</strong></span> <span class='ocrx_word' id='word_1_15' title='bbox 672 553 745 623; x_wconf 79' lang='lat' dir='ltr'><strong>VH</strong></span> <span class='ocrx_word' id='word_1_16' title='bbox 769 558 809 618; x_wconf 86' lang='grc'><strong>36</strong></span> <span class='ocrx_word' id='word_1_17' title='bbox 833 557 881 622; x_wconf 77' lang='lat' dir='ltr'><strong>rto</strong></span> <span class='ocrx_word' id='word_1_18' title='bbox 895 561 977 622; x_wconf 82' lang='lat' dir='ltr'><strong>etet</strong></span> <span class='ocrx_word' id='word_1_19' title='bbox 999 555 1142 625; x_wconf 79' lang='lat' dir='ltr'><strong>Focaeus</strong></span> <span class='ocrx_word' id='word_1_20' title='bbox 1157 565 1186 626; x_wconf 83' lang='lat' dir='ltr'><strong>et</strong></span> <span class='ocrx_word' id='word_1_21' title='bbox 1201 559 1324 627; x_wconf 80' lang='lat' dir='ltr'><strong>Fauna</strong></span> <span class='ocrx_word' id='word_1_22' title='bbox 1346 562 1398 628; x_wconf 81' lang='lat' dir='ltr'><strong>ait.</strong></span> 
     </span>
    </p>

    <p class='ocr_par' dir='ltr' id='par_1_3' title="bbox 224 657 1400 1495">
     <span class='ocr_line' id='line_1_4' title="bbox 317 657 1398 744; baseline 0.003 -19"><span class='ocrx_word' id='word_1_23' title='bbox 317 660 351 738; x_wconf 93' lang='lat' dir='ltr'><strong>b)</strong></span> <span class='ocrx_word' id='word_1_24' title='bbox 375 657 567 728; x_wconf 83' lang='lat' dir='ltr'><strong>Subiectum</strong></span> <span class='ocrx_word' id='word_1_25' title='bbox 592 662 726 726; x_wconf 87' lang='lat' dir='ltr'><strong>constat</strong></span> <span class='ocrx_word' id='word_1_26' title='bbox 750 677 791 726; x_wconf 85' lang='lat' dir='ltr'><strong>ex</strong></span> <span class='ocrx_word' id='word_1_27' title='bbox 812 659 997 726; x_wconf 92' lang='lat' dir='ltr'><strong>nominibus</strong></span> <span class='ocrx_word' id='word_1_28' title='bbox 1021 662 1254 744; x_wconf 74' lang='lat' dir='ltr'>appellativis:</span> <span class='ocrx_word' id='word_1_29' title='bbox 1278 664 1311 734; x_wconf 86' lang='lat' dir='ltr'>V</span> <span class='ocrx_word' id='word_1_30' title='bbox 1336 671 1398 729; x_wconf 87' lang='lat'><strong>100</strong></span> 
     </span>
     <span class='ocr_line' id='line_1_5' title="bbox 225 767 1400 858; baseline 0.004 -24"><span class='ocrx_word' id='word_1_31' title='bbox 225 767 283 834; x_wconf 83' lang='lat' dir='ltr'><strong>Ibi</strong></span> <span class='ocrx_word' id='word_1_32' title='bbox 306 773 336 834; x_wconf 85' lang='lat' dir='ltr'><strong>ct</strong></span> <span class='ocrx_word' id='word_1_33' title='bbox 358 767 476 853; x_wconf 62' lang='lat' dir='ltr'><strong>septo</strong></span> <span class='ocrx_word' id='word_1_34' title='bbox 498 773 528 834; x_wconf 84' lang='lat' dir='ltr'><strong>ct</strong></span> <span class='ocrx_word' id='word_1_35' title='bbox 550 769 634 850; x_wconf 78' lang='lat' dir='ltr'><strong>qood</strong></span> <span class='ocrx_word' id='word_1_36' title='bbox 655 767 964 835; x_wconf 72' lang='lat' dir='ltr'><strong>vehementissimam</strong></span> <span class='ocrx_word' id='word_1_37' title='bbox 980 769 1111 852; x_wconf 81' lang='lat' dir='ltr'><strong>flamen</strong></span> <span class='ocrx_word' id='word_1_38' title='bbox 1133 771 1254 838; x_wconf 70' lang='lat' dir='ltr'><strong>dictito</strong></span> <span class='ocrx_word' id='word_1_39' title='bbox 1275 771 1400 858; x_wconf 58' lang='lat' dir='ltr'><strong>liaris·</strong></span> 
     </span>
     <span class='ocr_line' id='line_1_6' title="bbox 227 871 1400 961; baseline 0.007 -23"><span class='ocrx_word' id='word_1_40' title='bbox 227 871 267 938; x_wconf 94' lang='lat' dir='ltr'><strong>II</strong></span> <span class='ocrx_word' id='word_1_41' title='bbox 291 875 343 954; x_wconf 81' lang='grc'><strong>6,3</strong></span> <span class='ocrx_word' id='word_1_42' title='bbox 375 873 467 954; x_wconf 75' lang='lat' dir='ltr'><strong>Quod</strong></span> <span class='ocrx_word' id='word_1_43' title='bbox 495 874 615 940; x_wconf 65' lang='lat' dir='ltr'><strong>ambos</strong></span> <span class='ocrx_word' id='word_1_44' title='bbox 636 880 813 958; x_wconf 72' lang='lat' dir='ltr'><strong>potentum</strong></span> <span class='ocrx_word' id='word_1_45' title='bbox 836 881 1019 960; x_wconf 66' lang='lat' dir='ltr'><strong>amantor,</strong></span> <span class='ocrx_word' id='word_1_46' title='bbox 1051 876 1188 961; x_wconf 75' lang='lat' dir='ltr'><strong>elipandi</strong></span> <span class='ocrx_word' id='word_1_47' title='bbox 1218 885 1248 944; x_wconf 86' lang='lat' dir='ltr'><strong>ot</strong></span> <span class='ocrx_word' id='word_1_48' title='bbox 1273 901 1343 946; x_wconf 84' lang='lat' dir='ltr'><strong>mos</strong></span> <span class='ocrx_word' id='word_1_49' title='bbox 1371 887 1400 946; x_wconf 84' lang='lat' dir='ltr'><strong>et</strong></span> 
     </span>
     <span class='ocr_line' id='line_1_7' title="bbox 224 976 1399 1066; baseline 0.003 -20"><span class='ocrx_word' id='word_1_50' title='bbox 224 980 351 1066; x_wconf 78' lang='lat' dir='ltr'><strong>femina</strong></span> <span class='ocrx_word' id='word_1_51' title='bbox 388 1001 461 1048; x_wconf 81' lang='lat' dir='ltr'><strong>cam</strong></span> <span class='ocrx_word' id='word_1_52' title='bbox 492 980 648 1066; x_wconf 70' lang='grc'><strong>(1191111111</strong></span> <span class='ocrx_word' id='word_1_53' title='bbox 678 987 716 1047; x_wconf 85' lang='lat' dir='ltr'><strong>ot</strong></span> <span class='ocrx_word' id='word_1_54' title='bbox 741 981 792 1048; x_wconf 83' lang='lat' dir='ltr'><strong>eil.</strong></span> <span class='ocrx_word' id='word_1_55' title='bbox 840 976 912 1063; x_wconf 84' lang='lat' dir='ltr'><strong>Quo</strong></span> <span class='ocrx_word' id='word_1_56' title='bbox 942 979 1014 1046; x_wconf 93' lang='lat' dir='ltr'><strong>loco</strong></span> <span class='ocrx_word' id='word_1_57' title='bbox 1054 998 1126 1046; x_wconf 92' lang='lat' dir='ltr'><strong>cum</strong></span> <span class='ocrx_word' id='word_1_58' title='bbox 1163 980 1399 1066; x_wconf 84' lang='lat' dir='ltr'><strong>interpungen-</strong></span> 
     </span>
     <span class='ocr_line' id='line_1_8' title="bbox 225 1083 1399 1173; baseline 0.005 -23"><span class='ocrx_word' id='word_1_59' title='bbox 225 1084 302 1150; x_wconf 83' lang='lat' dir='ltr'><strong>dum</strong></span> <span class='ocrx_word' id='word_1_60' title='bbox 332 1083 380 1150; x_wconf 90' lang='lat' dir='ltr'><strong>sit</strong></span> <span class='ocrx_word' id='word_1_61' title='bbox 410 1088 486 1166; x_wconf 91' lang='lat' dir='ltr'><strong>post</strong></span> <span class='ocrx_word' id='word_1_62' title='bbox 513 1086 719 1173; x_wconf 68' lang='grc'><strong>1119111111-</strong></span> <span class='ocrx_word' id='word_1_63' title='bbox 743 1083 814 1152; x_wconf 87' lang='lat' dir='ltr'><strong>scil.</strong></span> <span class='ocrx_word' id='word_1_64' title='bbox 843 1084 930 1151; x_wconf 90' lang='lat' dir='ltr'><strong>asini</strong></span> <span class='ocrx_word' id='word_1_65' title='bbox 952 1103 977 1152; x_wconf 92' lang='lat' dir='ltr'><strong>s.</strong></span> <span class='ocrx_word' id='word_1_66' title='bbox 1002 1085 1119 1170; x_wconf 85' lang='lat' dir='ltr'><strong>onagri</strong></span> <span class='ocrx_word' id='word_1_67' title='bbox 1145 1126 1195 1170; x_wconf 84' lang='grc'><strong>-,</strong></span> <span class='ocrx_word' id='word_1_68' title='bbox 1218 1106 1284 1154; x_wconf 93' lang='lat' dir='ltr'><strong>non</strong></span> <span class='ocrx_word' id='word_1_69' title='bbox 1306 1093 1399 1155; x_wconf 90' lang='lat' dir='ltr'><strong>recte</strong></span> 
     </span>
     <span class='ocr_line' id='line_1_9' title="bbox 227 1189 1400 1275; baseline 0.006 -18"><span class='ocrx_word' id='word_1_70' title='bbox 227 1189 408 1258; x_wconf 84' lang='lat' dir='ltr'><strong>Schneider</strong></span> <span class='ocrx_word' id='word_1_71' title='bbox 438 1190 628 1258; x_wconf 87' lang='lat' dir='ltr'><strong>Jucundum</strong></span> <span class='ocrx_word' id='word_1_72' title='bbox 658 1193 792 1258; x_wconf 88' lang='lat' dir='ltr'><strong>secutus</strong></span> <span class='ocrx_word' id='word_1_73' title='bbox 822 1209 881 1273; x_wconf 93' lang='lat' dir='ltr'><strong>pro</strong></span> <span class='ocrx_word' id='word_1_74' title='bbox 912 1194 956 1260; x_wconf 81' lang='lat' dir='ltr'><strong>sit</strong></span> <span class='ocrx_word' id='word_1_75' title='bbox 984 1191 1119 1275; x_wconf 80' lang='lat' dir='ltr'><strong>scripsit</strong></span> <span class='ocrx_word' id='word_1_76' title='bbox 1149 1195 1226 1263; x_wconf 78' lang='lat' dir='ltr'><strong>sint</strong></span> <span class='ocrx_word' id='word_1_77' title='bbox 1273 1194 1400 1264; x_wconf 78' lang='lat' dir='ltr'>Contra</span> 
     </span>
     <span class='ocr_line' id='line_1_10' title="bbox 224 1295 1398 1388; baseline 0.009 -26"><span class='ocrx_word' id='word_1_78' title='bbox 224 1296 351 1380; x_wconf 84' lang='lat' dir='ltr'><strong>legitur</strong></span> <span class='ocrx_word' id='word_1_79' title='bbox 365 1295 503 1379; x_wconf 88' lang='lat' dir='ltr'><strong>pluralis</strong></span> <span class='ocrx_word' id='word_1_80' title='bbox 519 1297 558 1362; x_wconf 88' lang='lat' dir='ltr'>H</span> <span class='ocrx_word' id='word_1_81' title='bbox 573 1302 646 1372; x_wconf 85' lang='lat'>10,4</span> <span class='ocrx_word' id='word_1_82' title='bbox 663 1299 777 1384; x_wconf 79' lang='lat' dir='ltr'><strong>(aeque</strong></span> <span class='ocrx_word' id='word_1_83' title='bbox 792 1299 952 1366; x_wconf 75' lang='lat' dir='ltr'><strong>Bastulus</strong></span> <span class='ocrx_word' id='word_1_84' title='bbox 966 1322 1069 1385; x_wconf 77' lang='lat' dir='ltr'><strong>neque</strong></span> <span class='ocrx_word' id='word_1_85' title='bbox 1091 1301 1257 1369; x_wconf 65' lang='lat' dir='ltr'><strong>modulos</strong></span> <span class='ocrx_word' id='word_1_86' title='bbox 1271 1305 1398 1388; x_wconf 71' lang='lat' dir='ltr'><strong>meoet,</strong></span> 
     </span>
     <span class='ocr_line' id='line_1_11' title="bbox 226 1401 1397 1495; baseline 0.003 -24"><span class='ocrx_word' id='word_1_87' title='bbox 226 1404 317 1474; x_wconf 71' lang='lat' dir='ltr'><strong>aaut</strong></span> <span class='ocrx_word' id='word_1_88' title='bbox 339 1402 595 1490; x_wconf 57' lang='lat' dir='ltr'><strong>appetiverint),</strong></span> <span class='ocrx_word' id='word_1_89' title='bbox 620 1401 764 1472; x_wconf 86' lang='lat' dir='ltr'><strong>fortasse</strong></span> <span class='ocrx_word' id='word_1_90' title='bbox 785 1404 870 1485; x_wconf 90' lang='lat' dir='ltr'><strong>quod</strong></span> <span class='ocrx_word' id='word_1_91' title='bbox 897 1403 1047 1486; x_wconf 88' lang='lat' dir='ltr'><strong>sequitur</strong></span> <span class='ocrx_word' id='word_1_92' title='bbox 1068 1405 1152 1487; x_wconf 90' lang='lat' dir='ltr'><strong>plur.</strong></span> <span class='ocrx_word' id='word_1_93' title='bbox 1177 1408 1265 1476; x_wconf 76' lang='lat' dir='ltr'><strong>Gelli</strong></span> <span class='ocrx_word' id='word_1_94' title='bbox 1283 1408 1397 1495; x_wconf 82' lang='lat' dir='ltr'><strong>upp.²).</strong></span> 
     </span>
    </p>

    <p class='ocr_par' dir='ltr' id='par_1_4' title="bbox 226 1509 1400 1919">
     <span class='ocr_line' id='line_1_12' title="bbox 316 1509 1399 1600; baseline 0.009 -25"><span class='ocrx_word' id='word_1_95' title='bbox 316 1509 468 1591; x_wconf 85' lang='lat' dir='ltr'><strong>Denique</strong></span> <span class='ocrx_word' id='word_1_96' title='bbox 499 1512 635 1592; x_wconf 87' lang='lat' dir='ltr'><strong>propter</strong></span> <span class='ocrx_word' id='word_1_97' title='bbox 664 1527 696 1578; x_wconf 82' lang='lat' dir='ltr'><strong>v.</strong></span> <span class='ocrx_word' id='word_1_98' title='bbox 720 1519 881 1598; x_wconf 77' lang='lat' dir='ltr'><strong>aterque</strong></span> <span class='ocrx_word' id='word_1_99' title='bbox 911 1509 970 1577; x_wconf 88' lang='lat' dir='ltr'><strong>cfr.</strong></span> <span class='ocrx_word' id='word_1_100' title='bbox 999 1512 1033 1582; x_wconf 87' lang='lat' dir='ltr'><strong>V</strong></span> <span class='ocrx_word' id='word_1_101' title='bbox 1058 1517 1118 1576; x_wconf 89' lang='lat'><strong>180</strong></span> <span class='ocrx_word' id='word_1_102' title='bbox 1152 1515 1208 1599; x_wconf 79' lang='lat' dir='ltr'><strong>qui</strong></span> <span class='ocrx_word' id='word_1_103' title='bbox 1225 1518 1399 1600; x_wconf 82' lang='lat' dir='ltr'><strong>peteboiet</strong></span> 
     </span>
     <span class='ocr_line' id='line_1_13' title="bbox 229 1617 1400 1707; baseline 0.005 -21"><span class='ocrx_word' id='word_1_104' title='bbox 229 1619 288 1704; x_wconf 76' lang='lat' dir='ltr'><strong>poci</strong></span> <span class='ocrx_word' id='word_1_105' title='bbox 317 1617 540 1702; x_wconf 77' lang='lat' dir='ltr'><strong>inficiabatur,</strong></span> <span class='ocrx_word' id='word_1_106' title='bbox 571 1619 608 1685; x_wconf 81' lang='lat' dir='ltr'><strong>cie</strong></span> <span class='ocrx_word' id='word_1_107' title='bbox 638 1618 715 1686; x_wconf 78' lang='lat' dir='ltr'><strong>ollis</strong></span> <span class='ocrx_word' id='word_1_108' title='bbox 744 1621 838 1687; x_wconf 81' lang='lat' dir='ltr'><strong>rebus</strong></span> <span class='ocrx_word' id='word_1_109' title='bbox 867 1625 1000 1704; x_wconf 70' lang='lat' dir='ltr'><strong>coloque</strong></span> <span class='ocrx_word' id='word_1_110' title='bbox 1030 1621 1208 1707; x_wconf 71' lang='lat' dir='ltr'><strong>qoiayeoos</strong></span> <span class='ocrx_word' id='word_1_111' title='bbox 1238 1624 1324 1690; x_wconf 72' lang='lat' dir='ltr'><strong>omis</strong></span> <span class='ocrx_word' id='word_1_112' title='bbox 1357 1625 1400 1692; x_wconf 80' lang='lat' dir='ltr'><strong>od</strong></span> 
     </span>
     <span class='ocr_line' id='line_1_14' title="bbox 226 1722 1400 1810; baseline 0.005 -19"><span class='ocrx_word' id='word_1_113' title='bbox 226 1729 355 1808; x_wconf 79' lang='lat' dir='ltr'><strong>pontem</strong></span> <span class='ocrx_word' id='word_1_114' title='bbox 374 1725 579 1810; x_wconf 78' lang='lat' dir='ltr'><strong>deponebant.</strong></span> <span class='ocrx_word' id='word_1_115' title='bbox 597 1745 639 1780; x_wconf 70' lang='lat' dir='ltr'><strong>cv</strong></span> <span class='ocrx_word' id='word_1_116' title='bbox 655 1725 721 1790; x_wconf 86' lang='lat' dir='ltr'><strong>sat.</strong></span> <span class='ocrx_word' id='word_1_117' title='bbox 738 1722 778 1790; x_wconf 84' lang='lat' dir='ltr'><strong>ir.</strong></span> <span class='ocrx_word' id='word_1_118' title='bbox 797 1728 859 1787; x_wconf 82' lang='lat'><strong>377</strong></span> <span class='ocrx_word' id='word_1_119' title='bbox 876 1726 952 1793; x_wconf 79' lang='lat' dir='ltr'><strong>siet</strong></span> <span class='ocrx_word' id='word_1_120' title='bbox 966 1733 1132 1794; x_wconf 70' lang='lat' dir='ltr'><strong>occosmor</strong></span> <span class='ocrx_word' id='word_1_121' title='bbox 1154 1734 1183 1794; x_wconf 87' lang='lat' dir='ltr'><strong>et</strong></span> <span class='ocrx_word' id='word_1_122' title='bbox 1204 1750 1280 1796; x_wconf 81' lang='lat' dir='ltr'><strong>reos</strong></span> <span class='ocrx_word' id='word_1_123' title='bbox 1303 1735 1400 1797; x_wconf 69' lang='lat' dir='ltr'><strong>mont</strong></span> 
     </span>
     <span class='ocr_line' id='line_1_15' title="bbox 226 1827 1397 1919; baseline 0 -22"><span class='ocrx_word' id='word_1_124' title='bbox 226 1830 367 1897; x_wconf 76' lang='lat' dir='ltr'><strong>tenebris</strong></span> <span class='ocrx_word' id='word_1_125' title='bbox 382 1836 525 1916; x_wconf 75' lang='lat' dir='ltr'><strong>colaque,</strong></span> <span class='ocrx_word' id='word_1_126' title='bbox 542 1827 582 1894; x_wconf 89' lang='lat' dir='ltr'><strong>de</strong></span> <span class='ocrx_word' id='word_1_127' title='bbox 598 1846 661 1909; x_wconf 86' lang='lat' dir='ltr'><strong>quo</strong></span> <span class='ocrx_word' id='word_1_128' title='bbox 673 1828 745 1895; x_wconf 93' lang='lat' dir='ltr'><strong>loco</strong></span> <span class='ocrx_word' id='word_1_129' title='bbox 761 1831 876 1894; x_wconf 86' lang='lat' dir='ltr'><strong>tamen</strong></span> <span class='ocrx_word' id='word_1_130' title='bbox 891 1847 957 1894; x_wconf 92' lang='lat' dir='ltr'><strong>non</strong></span> <span class='ocrx_word' id='word_1_131' title='bbox 969 1830 1182 1896; x_wconf 89' lang='lat' dir='ltr'><strong>consentiunt</strong></span> <span class='ocrx_word' id='word_1_132' title='bbox 1193 1832 1258 1899; x_wconf 89' lang='lat' dir='ltr'><strong>viri</strong></span> <span class='ocrx_word' id='word_1_133' title='bbox 1269 1831 1397 1919; x_wconf 66' lang='lat' dir='ltr'><strong>doctr).</strong></span> 
     </span>
    </p>
   </div>
   <div class='ocr_carea' id='block_1_3' title="bbox 226 2022 1398 2557">
    <p class='ocr_par' dir='ltr' id='par_1_5' title="bbox 779 2022 843 2106">
     <span class='ocr_line' id='line_1_16' title="bbox 779 2022 843 2106; baseline -0.031 -20"><span class='ocrx_word' id='word_1_134' title='bbox 779 2022 797 2106; x_wconf 67' lang='lat'>5</span> <span class='ocrx_word' id='word_1_135' title='bbox 815 2028 843 2086; x_wconf 87' lang='grc'><strong>6.</strong></span> 
     </span>
    </p>

    <p class='ocr_par' dir='ltr' id='par_1_6' title="bbox 226 2143 1398 2557">
     <span class='ocr_line' id='line_1_17' title="bbox 316 2143 1396 2234; baseline 0.009 -25"><span class='ocrx_word' id='word_1_136' title='bbox 316 2143 401 2211; x_wconf 88' lang='lat' dir='ltr'><strong>Loci</strong></span> <span class='ocrx_word' id='word_1_137' title='bbox 424 2144 541 2228; x_wconf 88' lang='lat' dir='ltr'><strong>quibus</strong></span> <span class='ocrx_word' id='word_1_138' title='bbox 564 2146 701 2216; x_wconf 87' lang='lat' dir='ltr'><strong>verbum</strong></span> <span class='ocrx_word' id='word_1_139' title='bbox 724 2163 790 2215; x_wconf 88' lang='lat' dir='ltr'><strong>non</strong></span> <span class='ocrx_word' id='word_1_140' title='bbox 812 2164 885 2214; x_wconf 92' lang='lat' dir='ltr'><strong>cum</strong></span> <span class='ocrx_word' id='word_1_141' title='bbox 908 2147 1067 2230; x_wconf 83' lang='lat' dir='ltr'><strong>subiecto,</strong></span> <span class='ocrx_word' id='word_1_142' title='bbox 1091 2150 1151 2215; x_wconf 90' lang='lat' dir='ltr'><strong>sed</strong></span> <span class='ocrx_word' id='word_1_143' title='bbox 1174 2168 1247 2217; x_wconf 86' lang='lat' dir='ltr'><strong>curn</strong></span> <span class='ocrx_word' id='word_1_144' title='bbox 1268 2151 1396 2234; x_wconf 86' lang='lat' dir='ltr'><strong>praedi·</strong></span> 
     </span>
     <span class='ocr_line' id='line_1_18' title="bbox 227 2251 1398 2339; baseline 0.006 -21"><span class='ocrx_word' id='word_1_145' title='bbox 227 2251 296 2326; x_wconf 86' lang='lat' dir='ltr'><strong>oati</strong></span> <span class='ocrx_word' id='word_1_146' title='bbox 319 2251 450 2319; x_wconf 91' lang='lat' dir='ltr'><strong>nomine</strong></span> <span class='ocrx_word' id='word_1_147' title='bbox 473 2258 645 2337; x_wconf 80' lang='lat' dir='ltr'>congruat,</span> <span class='ocrx_word' id='word_1_148' title='bbox 670 2251 852 2334; x_wconf 79' lang='lat' dir='ltr'><strong>complures</strong></span> <span class='ocrx_word' id='word_1_149' title='bbox 874 2252 1088 2322; x_wconf 87' lang='lat' dir='ltr'><strong>inveniuntur</strong></span> <span class='ocrx_word' id='word_1_150' title='bbox 1111 2257 1198 2339; x_wconf 91' lang='lat' dir='ltr'><strong>apud</strong></span> <span class='ocrx_word' id='word_1_151' title='bbox 1213 2257 1398 2327; x_wconf 88' lang='lat' dir='ltr'><strong>Varronem</strong></span> 
     </span>
     <span class='ocr_line' id='line_1_19' title="bbox 226 2357 1398 2459; baseline 0.007 -35"><span class='ocrx_word' id='word_1_152' title='bbox 226 2375 331 2440; x_wconf 88' lang='lat' dir='ltr'><strong>neque</strong></span> <span class='ocrx_word' id='word_1_153' title='bbox 363 2357 467 2459; x_wconf 79' lang='lat' dir='ltr'><strong>solum</strong></span> <span class='ocrx_word' id='word_1_154' title='bbox 498 2358 617 2440; x_wconf 89' lang='lat' dir='ltr'><strong>quibus</strong></span> <span class='ocrx_word' id='word_1_155' title='bbox 648 2357 851 2426; x_wconf 88' lang='lat' dir='ltr'><strong>assimiletur</strong></span> <span class='ocrx_word' id='word_1_156' title='bbox 881 2378 994 2443; x_wconf 84' lang='lat' dir='ltr'><strong>genus,</strong></span> <span class='ocrx_word' id='word_1_157' title='bbox 1027 2362 1086 2428; x_wconf 85' lang='lat' dir='ltr'><strong>sed</strong></span> <span class='ocrx_word' id='word_1_158' title='bbox 1117 2363 1219 2429; x_wconf 89' lang='lat' dir='ltr'><strong>etiam</strong></span> <span class='ocrx_word' id='word_1_159' title='bbox 1249 2366 1398 2432; x_wconf 89' lang='lat' dir='ltr'><strong>nonnulli</strong></span> 
     </span>
     <span class='ocr_line' id='line_1_20' title="bbox 227 2462 1397 2557; baseline 0.011 -28"><span class='ocrx_word' id='word_1_160' title='bbox 227 2463 344 2546; x_wconf 83' lang='lat' dir='ltr'><strong>quibus</strong></span> <span class='ocrx_word' id='word_1_161' title='bbox 367 2462 566 2546; x_wconf 79' lang='lat' dir='ltr'><strong>numerus³);</strong></span> <span class='ocrx_word' id='word_1_162' title='bbox 595 2463 704 2535; x_wconf 75' lang='lat' dir='ltr'><strong>cmv</strong></span> <span class='ocrx_word' id='word_1_163' title='bbox 730 2469 791 2528; x_wconf 83' lang='grc'><strong>148</strong></span> <span class='ocrx_word' id='word_1_164' title='bbox 814 2467 893 2535; x_wconf 85' lang='lat' dir='ltr'><strong>Post</strong></span> <span class='ocrx_word' id='word_1_165' title='bbox 916 2490 953 2535; x_wconf 88' lang='lat' dir='ltr'><strong>eo</strong></span> <span class='ocrx_word' id='word_1_166' title='bbox 975 2469 1032 2553; x_wconf 78' lang='lat' dir='ltr'><strong>qni</strong></span> <span class='ocrx_word' id='word_1_167' title='bbox 1049 2470 1151 2554; x_wconf 73' lang='lat' dir='ltr'><strong>fiebat</strong></span> <span class='ocrx_word' id='word_1_168' title='bbox 1172 2473 1272 2557; x_wconf 72' lang='grc'><strong>111113,</strong></span> <span class='ocrx_word' id='word_1_169' title='bbox 1302 2473 1397 2542; x_wconf 79' lang='lat' dir='ltr'><strong>Urbis</strong></span> 
     </span>
    </p>
   </div>
   <div class='ocr_carea' id='block_1_4' title="bbox 222 2637 1398 4482">
    <p class='ocr_par' dir='ltr' id='par_1_7' title="bbox 223 2637 1398 3594">
     <span class='ocr_line' id='line_1_21' title="bbox 319 2637 1397 2713; baseline 0.008 -20"><span class='ocrx_word' id='word_1_170' title='bbox 319 2640 342 2709; x_wconf 89' lang='lat'><strong>¹)</strong></span> <span class='ocrx_word' id='word_1_171' title='bbox 362 2637 441 2705; x_wconf 78' lang='lat' dir='ltr'><strong>Quod</strong></span> <span class='ocrx_word' id='word_1_172' title='bbox 460 2639 585 2695; x_wconf 76' lang='lat' dir='ltr'><strong>schmalu</strong></span> <span class='ocrx_word' id='word_1_173' title='bbox 604 2640 648 2706; x_wconf 78' lang='lat' dir='ltr'><strong>sy.</strong></span> <span class='ocrx_word' id='word_1_174' title='bbox 669 2642 683 2708; x_wconf 68' lang='grc' dir='ltr'><strong>ἓ</strong></span> <span class='ocrx_word' id='word_1_175' title='bbox 704 2642 756 2698; x_wconf 90' lang='lat' dir='ltr'><strong>lla</strong></span> <span class='ocrx_word' id='word_1_176' title='bbox 774 2639 816 2694; x_wconf 90' lang='lat' dir='ltr'><strong>ait</strong></span> <span class='ocrx_word' id='word_1_177' title='bbox 834 2641 1023 2713; x_wconf 83' lang='lat' dir='ltr'><strong>praedicatum</strong></span> <span class='ocrx_word' id='word_1_178' title='bbox 1043 2642 1115 2712; x_wconf 87' lang='lat' dir='ltr'><strong>quod</strong></span> <span class='ocrx_word' id='word_1_179' title='bbox 1134 2643 1170 2698; x_wconf 85' lang='lat' dir='ltr'><strong>ad</strong></span> <span class='ocrx_word' id='word_1_180' title='bbox 1193 2643 1247 2698; x_wconf 86' lang='lat' dir='ltr'><strong>duo</strong></span> <span class='ocrx_word' id='word_1_181' title='bbox 1272 2645 1397 2702; x_wconf 89' lang='lat' dir='ltr'><strong>subiecta</strong></span> 
     </span>
     <span class='ocr_line' id='line_1_22' title="bbox 225 2726 1397 2798; baseline 0.007 -15"><span class='ocrx_word' id='word_1_182' title='bbox 225 2727 333 2798; x_wconf 88' lang='lat' dir='ltr'><strong>pariter</strong></span> <span class='ocrx_word' id='word_1_183' title='bbox 356 2726 398 2783; x_wconf 89' lang='lat' dir='ltr'><strong>ita</strong></span> <span class='ocrx_word' id='word_1_184' title='bbox 423 2729 599 2784; x_wconf 85' lang='lat' dir='ltr'><strong>referendum</strong></span> <span class='ocrx_word' id='word_1_185' title='bbox 618 2728 664 2797; x_wconf 88' lang='lat' dir='ltr'><strong>ait,</strong></span> <span class='ocrx_word' id='word_1_186' title='bbox 689 2733 722 2784; x_wconf 89' lang='lat' dir='ltr'><strong>ut</strong></span> <span class='ocrx_word' id='word_1_187' title='bbox 745 2735 893 2798; x_wconf 89' lang='lat' dir='ltr'><strong>utrumque</strong></span> <span class='ocrx_word' id='word_1_188' title='bbox 919 2730 1073 2786; x_wconf 85' lang='lat' dir='ltr'><strong>subiectum</strong></span> <span class='ocrx_word' id='word_1_189' title='bbox 1092 2732 1211 2787; x_wconf 89' lang='lat' dir='ltr'><strong>alterum</strong></span> <span class='ocrx_word' id='word_1_190' title='bbox 1231 2733 1289 2790; x_wconf 90' lang='lat' dir='ltr'><strong>sine</strong></span> <span class='ocrx_word' id='word_1_191' title='bbox 1307 2734 1397 2791; x_wconf 89' lang='lat' dir='ltr'><strong>altero</strong></span> 
     </span>
     <span class='ocr_line' id='line_1_23' title="bbox 229 2815 1396 2894; baseline 0.005 -22"><span class='ocrx_word' id='word_1_192' title='bbox 229 2816 367 2872; x_wconf 64' lang='lat' dir='ltr'><strong>armonem</strong></span> <span class='ocrx_word' id='word_1_193' title='bbox 385 2815 463 2872; x_wconf 89' lang='lat' dir='ltr'><strong>illam</strong></span> <span class='ocrx_word' id='word_1_194' title='bbox 481 2818 613 2887; x_wconf 90' lang='lat' dir='ltr'><strong>perficere</strong></span> <span class='ocrx_word' id='word_1_195' title='bbox 632 2833 664 2872; x_wconf 91' lang='lat' dir='ltr'><strong>eo</strong></span> <span class='ocrx_word' id='word_1_196' title='bbox 684 2817 862 2887; x_wconf 81' lang='lat' dir='ltr'><strong>exprimatur,</strong></span> <span class='ocrx_word' id='word_1_197' title='bbox 881 2835 898 2873; x_wconf 92' lang='lat' dir='ltr'>a</span> <span class='ocrx_word' id='word_1_198' title='bbox 916 2819 1040 2888; x_wconf 88' lang='lat' dir='ltr'><strong>probatis</strong></span> <span class='ocrx_word' id='word_1_199' title='bbox 1058 2820 1238 2890; x_wconf 79' lang='lat' dir='ltr'><strong>scriptoribus</strong></span> <span class='ocrx_word' id='word_1_200' title='bbox 1256 2821 1286 2877; x_wconf 87' lang='lat' dir='ltr'><strong>in</strong></span> <span class='ocrx_word' id='word_1_201' title='bbox 1303 2823 1396 2894; x_wconf 80' lang='lat' dir='ltr'><strong>singu-</strong></span> 
     </span>
     <span class='ocr_line' id='line_1_24' title="bbox 225 2905 1396 2979; baseline 0.006 -19"><span class='ocrx_word' id='word_1_202' title='bbox 225 2905 280 2961; x_wconf 88' lang='lat' dir='ltr'><strong>lari</strong></span> <span class='ocrx_word' id='word_1_203' title='bbox 305 2921 418 2962; x_wconf 90' lang='lat' dir='ltr'><strong>numero</strong></span> <span class='ocrx_word' id='word_1_204' title='bbox 442 2907 521 2977; x_wconf 90' lang='lat' dir='ltr'><strong>peni,</strong></span> <span class='ocrx_word' id='word_1_205' title='bbox 545 2907 681 2976; x_wconf 82' lang='lat' dir='ltr'><strong>pluralem</strong></span> <span class='ocrx_word' id='word_1_206' title='bbox 705 2923 759 2961; x_wconf 93' lang='lat' dir='ltr'><strong>non</strong></span> <span class='ocrx_word' id='word_1_207' title='bbox 783 2906 902 2963; x_wconf 87' lang='lat' dir='ltr'><strong>inveniri</strong></span> <span class='ocrx_word' id='word_1_208' title='bbox 926 2908 979 2963; x_wconf 85' lang='lat' dir='ltr'><strong>nisi</strong></span> <span class='ocrx_word' id='word_1_209' title='bbox 1004 2908 1068 2963; x_wconf 86' lang='lat' dir='ltr'><strong>inde</strong></span> <span class='ocrx_word' id='word_1_210' title='bbox 1087 2926 1104 2963; x_wconf 91' lang='lat' dir='ltr'><strong>a</strong></span> <span class='ocrx_word' id='word_1_211' title='bbox 1122 2909 1195 2965; x_wconf 82' lang='lat' dir='ltr'><strong>Livii</strong></span> <span class='ocrx_word' id='word_1_212' title='bbox 1212 2911 1396 2979; x_wconf 83' lang='lat' dir='ltr'><strong>temporibus:</strong></span> 
     </span>
     <span class='ocr_line' id='line_1_25' title="bbox 227 2994 1396 3054; baseline 0.006 -7"><span class='ocrx_word' id='word_1_213' title='bbox 227 2994 302 3048; x_wconf 83' lang='lat' dir='ltr'><strong>hand</strong></span> <span class='ocrx_word' id='word_1_214' title='bbox 329 2995 411 3050; x_wconf 87' lang='lat' dir='ltr'><strong>dubie</strong></span> <span class='ocrx_word' id='word_1_215' title='bbox 439 2995 494 3049; x_wconf 89' lang='lat' dir='ltr'><strong>iam</strong></span> <span class='ocrx_word' id='word_1_216' title='bbox 522 2995 675 3050; x_wconf 88' lang='lat' dir='ltr'><strong>Varronem</strong></span> <span class='ocrx_word' id='word_1_217' title='bbox 707 2995 802 3050; x_wconf 84' lang='lat' dir='ltr'><strong>eadem</strong></span> <span class='ocrx_word' id='word_1_218' title='bbox 829 2995 938 3050; x_wconf 89' lang='lat' dir='ltr'><strong>ratione</strong></span> <span class='ocrx_word' id='word_1_219' title='bbox 964 3009 1044 3052; x_wconf 87' lang='lat' dir='ltr'><strong>usum</strong></span> <span class='ocrx_word' id='word_1_220' title='bbox 1073 3013 1134 3053; x_wconf 89' lang='lat' dir='ltr'><strong>esse</strong></span> <span class='ocrx_word' id='word_1_221' title='bbox 1162 2998 1291 3054; x_wconf 82' lang='lat' dir='ltr'><strong>ostendet</strong></span> <span class='ocrx_word' id='word_1_222' title='bbox 1319 2999 1396 3054; x_wconf 87' lang='lat' dir='ltr'><strong>locus</strong></span> 
     </span>
     <span class='ocr_line' id='line_1_26' title="bbox 227 3082 1397 3158; baseline 0.006 -23"><span class='ocrx_word' id='word_1_223' title='bbox 227 3082 273 3136; x_wconf 86' lang='lat'><strong>111</strong></span> <span class='ocrx_word' id='word_1_224' title='bbox 286 3083 311 3150; x_wconf 83' lang='grc'><strong>1,</strong></span> <span class='ocrx_word' id='word_1_225' title='bbox 332 3085 365 3136; x_wconf 83' lang='grc'><strong>17</strong></span> <span class='ocrx_word' id='word_1_226' title='bbox 384 3083 422 3139; x_wconf 90' lang='lat' dir='ltr'><strong>in.</strong></span> <span class='ocrx_word' id='word_1_227' title='bbox 442 3082 626 3154; x_wconf 78' lang='lat' dir='ltr'><strong>(intrinsecas</strong></span> <span class='ocrx_word' id='word_1_228' title='bbox 644 3083 694 3138; x_wconf 80' lang='lat' dir='ltr'><strong>aab</strong></span> <span class='ocrx_word' id='word_1_229' title='bbox 713 3082 784 3138; x_wconf 80' lang='lat' dir='ltr'><strong>tlolo</strong></span> <span class='ocrx_word' id='word_1_230' title='bbox 803 3083 882 3138; x_wconf 80' lang='lat' dir='ltr'><strong>stella</strong></span> <span class='ocrx_word' id='word_1_231' title='bbox 901 3084 1001 3154; x_wconf 78' lang='lat' dir='ltr'><strong>lucifer</strong></span> <span class='ocrx_word' id='word_1_232' title='bbox 1019 3085 1146 3151; x_wconf 76' lang='lat' dir='ltr'><strong>interdiu,</strong></span> <span class='ocrx_word' id='word_1_233' title='bbox 1165 3091 1246 3140; x_wconf 78' lang='lat' dir='ltr'><strong>nocta</strong></span> <span class='ocrx_word' id='word_1_234' title='bbox 1263 3087 1397 3158; x_wconf 75' lang='lat' dir='ltr'><strong>bosporus</strong></span> 
     </span>
     <span class='ocr_line' id='line_1_27' title="bbox 223 3171 1397 3245; baseline 0.003 -19"><span class='ocrx_word' id='word_1_235' title='bbox 223 3172 261 3226; x_wconf 80' lang='lat' dir='ltr'><strong>ita</strong></span> <span class='ocrx_word' id='word_1_236' title='bbox 287 3172 457 3226; x_wconf 78' lang='lat' dir='ltr'><strong>circumeunt</strong></span> <span class='ocrx_word' id='word_1_237' title='bbox 475 3201 513 3245; x_wconf 76' lang='lat'><strong>.-</strong></span> <span class='ocrx_word' id='word_1_238' title='bbox 539 3188 572 3226; x_wconf 84' lang='lat' dir='ltr'><strong>ac</strong></span> <span class='ocrx_word' id='word_1_239' title='bbox 596 3176 737 3226; x_wconf 80' lang='lat' dir='ltr'><strong>moveator</strong></span> <span class='ocrx_word' id='word_1_240' title='bbox 766 3175 796 3227; x_wconf 81' lang='lat' dir='ltr'><strong>at</strong></span> <span class='ocrx_word' id='word_1_241' title='bbox 824 3171 945 3226; x_wconf 78' lang='lat' dir='ltr'><strong>indicent</strong></span> <span class='ocrx_word' id='word_1_242' title='bbox 973 3179 1036 3245; x_wconf 83' lang='lat' dir='ltr'><strong>quot</strong></span> <span class='ocrx_word' id='word_1_243' title='bbox 1057 3175 1113 3228; x_wconf 82' lang='lat' dir='ltr'><strong>siat</strong></span> <span class='ocrx_word' id='word_1_244' title='bbox 1134 3173 1243 3245; x_wconf 80' lang='lat' dir='ltr'><strong>borae),</strong></span> <span class='ocrx_word' id='word_1_245' title='bbox 1268 3174 1397 3232; x_wconf 87' lang='lat' dir='ltr'><strong>similiter</strong></span> 
     </span>
     <span class='ocr_line' id='line_1_28' title="bbox 224 3259 1397 3331; baseline 0.003 -17"><span class='ocrx_word' id='word_1_246' title='bbox 224 3259 364 3316; x_wconf 70' lang='lat' dir='ltr'><strong>satiati</strong></span> <span class='ocrx_word' id='word_1_247' title='bbox 377 3260 430 3330; x_wconf 84' lang='lat' dir='ltr'><strong>(mc</strong></span> <span class='ocrx_word' id='word_1_248' title='bbox 443 3259 552 3331; x_wconf 78' lang='lat' dir='ltr'><strong>Iupiter</strong></span> <span class='ocrx_word' id='word_1_249' title='bbox 569 3259 719 3330; x_wconf 81' lang='lat' dir='ltr'><strong>Olympiae,</strong></span> <span class='ocrx_word' id='word_1_250' title='bbox 733 3259 858 3315; x_wconf 81' lang='lat' dir='ltr'><strong>Minerva</strong></span> <span class='ocrx_word' id='word_1_251' title='bbox 870 3260 983 3316; x_wconf 80' lang='lat' dir='ltr'><strong>Athenio</strong></span> <span class='ocrx_word' id='word_1_252' title='bbox 997 3301 1003 3314; x_wconf 93' lang='lat'><strong>.</strong></span> <span class='ocrx_word' id='word_1_253' title='bbox 1018 3301 1023 3314; x_wconf 93' lang='lat'><strong>.</strong></span> <span class='ocrx_word' id='word_1_254' title='bbox 1037 3262 1241 3331; x_wconf 81' lang='lat' dir='ltr'><strong>vindicassent).</strong></span> <span class='ocrx_word' id='word_1_255' title='bbox 1267 3263 1397 3320; x_wconf 76' lang='lat' dir='ltr'><strong>Ceterum</strong></span> 
     </span>
     <span class='ocr_line' id='line_1_29' title="bbox 224 3347 1398 3420; baseline 0.003 -18"><span class='ocrx_word' id='word_1_256' title='bbox 224 3347 279 3402; x_wconf 87' lang='lat' dir='ltr'><strong>nisi</strong></span> <span class='ocrx_word' id='word_1_257' title='bbox 299 3347 391 3416; x_wconf 79' lang='lat' dir='ltr'><strong>fallor,</strong></span> <span class='ocrx_word' id='word_1_258' title='bbox 411 3347 496 3403; x_wconf 88' lang='lat' dir='ltr'><strong>etiam</strong></span> <span class='ocrx_word' id='word_1_259' title='bbox 514 3348 568 3403; x_wconf 86' lang='lat' dir='ltr'><strong>duo</strong></span> <span class='ocrx_word' id='word_1_260' title='bbox 587 3348 641 3403; x_wconf 92' lang='lat' dir='ltr'><strong>loci</strong></span> <span class='ocrx_word' id='word_1_261' title='bbox 654 3348 828 3404; x_wconf 82' lang='lat' dir='ltr'><strong>Ciceroniani</strong></span> <span class='ocrx_word' id='word_1_262' title='bbox 844 3349 898 3404; x_wconf 91' lang='lat' dir='ltr'><strong>huc</strong></span> <span class='ocrx_word' id='word_1_263' title='bbox 915 3350 1065 3419; x_wconf 87' lang='lat' dir='ltr'><strong>pertinent,</strong></span> <span class='ocrx_word' id='word_1_264' title='bbox 1085 3350 1120 3405; x_wconf 89' lang='lat' dir='ltr'><strong>ad</strong></span> <span class='ocrx_word' id='word_1_265' title='bbox 1137 3349 1198 3406; x_wconf 83' lang='lat' dir='ltr'><strong>Act.</strong></span> <span class='ocrx_word' id='word_1_266' title='bbox 1219 3352 1261 3420; x_wconf 83' lang='grc'><strong>11,</strong></span> <span class='ocrx_word' id='word_1_267' title='bbox 1278 3353 1304 3420; x_wconf 89' lang='grc'><strong>9,</strong></span> <span class='ocrx_word' id='word_1_268' title='bbox 1325 3355 1338 3406; x_wconf 88' lang='grc'><strong>1</strong></span> <span class='ocrx_word' id='word_1_269' title='bbox 1357 3357 1398 3419; x_wconf 80' lang='lat' dir='ltr'><strong>(ot</strong></span> 
     </span>
     <span class='ocr_line' id='line_1_30' title="bbox 224 3435 1395 3510; baseline 0.004 -21"><span class='ocrx_word' id='word_1_270' title='bbox 224 3435 333 3492; x_wconf 80' lang='lat' dir='ltr'><strong>Brutus</strong></span> <span class='ocrx_word' id='word_1_271' title='bbox 356 3437 386 3492; x_wconf 81' lang='lat' dir='ltr'><strong>io</strong></span> <span class='ocrx_word' id='word_1_272' title='bbox 408 3435 490 3506; x_wconf 74' lang='lat' dir='ltr'><strong>Asia,</strong></span> <span class='ocrx_word' id='word_1_273' title='bbox 512 3435 626 3492; x_wconf 68' lang='lat' dir='ltr'><strong>Corace</strong></span> <span class='ocrx_word' id='word_1_274' title='bbox 648 3437 678 3491; x_wconf 80' lang='lat' dir='ltr'><strong>io</strong></span> <span class='ocrx_word' id='word_1_275' title='bbox 701 3435 797 3492; x_wconf 75' lang='lat' dir='ltr'><strong>Sicilia</strong></span> <span class='ocrx_word' id='word_1_276' title='bbox 816 3438 988 3509; x_wconf 78' lang='lat' dir='ltr'><strong>framentum</strong></span> <span class='ocrx_word' id='word_1_277' title='bbox 1011 3439 1154 3494; x_wconf 81' lang='lat' dir='ltr'><strong>emendam</strong></span> <span class='ocrx_word' id='word_1_278' title='bbox 1172 3479 1179 3494; x_wconf 95' lang='lat'><strong>.</strong></span> <span class='ocrx_word' id='word_1_279' title='bbox 1199 3479 1205 3493; x_wconf 91' lang='lat'><strong>.</strong></span> <span class='ocrx_word' id='word_1_280' title='bbox 1225 3481 1232 3496; x_wconf 93' lang='lat'><strong>.</strong></span> <span class='ocrx_word' id='word_1_281' title='bbox 1252 3441 1395 3510; x_wconf 81' lang='lat' dir='ltr'><strong>cararent)</strong></span> 
     </span>
     <span class='ocr_line' id='line_1_31' title="bbox 227 3523 844 3594; baseline 0 -14"><span class='ocrx_word' id='word_1_282' title='bbox 227 3523 457 3594; x_wconf 82' lang='lat' dir='ltr'><strong>etTusc.189;</strong></span> <span class='ocrx_word' id='word_1_283' title='bbox 476 3525 527 3580; x_wconf 86' lang='lat' dir='ltr'><strong>cir.</strong></span> <span class='ocrx_word' id='word_1_284' title='bbox 547 3527 615 3580; x_wconf 82' lang='lat' dir='ltr'><strong>Anu.</strong></span> <span class='ocrx_word' id='word_1_285' title='bbox 634 3542 660 3594; x_wconf 89' lang='lat' dir='ltr'><strong>p.</strong></span> <span class='ocrx_word' id='word_1_286' title='bbox 681 3527 715 3580; x_wconf 81' lang='lat'><strong>17</strong></span> <span class='ocrx_word' id='word_1_287' title='bbox 734 3526 754 3582; x_wconf 81' lang='grc' dir='ltr'>Ο</span> <span class='ocrx_word' id='word_1_288' title='bbox 774 3530 844 3581; x_wconf 87' lang='lat' dir='ltr'><strong>extr.</strong></span> 
     </span>
    </p>

    <p class='ocr_par' dir='ltr' id='par_1_8' title="bbox 222 3611 1396 4128">
     <span class='ocr_line' id='line_1_32' title="bbox 317 3611 1396 3690; baseline 0.006 -24"><span class='ocrx_word' id='word_1_289' title='bbox 317 3611 442 3682; x_wconf 74' lang='lat' dir='ltr'><strong>²)Nonii</strong></span> <span class='ocrx_word' id='word_1_290' title='bbox 461 3614 498 3684; x_wconf 90' lang='lat' dir='ltr'><strong>(p.</strong></span> <span class='ocrx_word' id='word_1_291' title='bbox 518 3614 563 3684; x_wconf 83' lang='grc'><strong>19)</strong></span> <span class='ocrx_word' id='word_1_292' title='bbox 589 3613 665 3670; x_wconf 83' lang='lat' dir='ltr'><strong>codd.</strong></span> <span class='ocrx_word' id='word_1_293' title='bbox 685 3614 904 3683; x_wconf 90' lang='lat' dir='ltr'><strong>praebent</strong></span> <span class='ocrx_word' id='word_1_294' title='bbox 927 3615 1098 3672; x_wconf 66' lang='lat' dir='ltr'><strong>beatricem</strong></span> <span class='ocrx_word' id='word_1_295' title='bbox 1119 3621 1232 3686; x_wconf 79' lang='lat' dir='ltr'><strong>aterque</strong></span> <span class='ocrx_word' id='word_1_296' title='bbox 1253 3621 1396 3690; x_wconf 69' lang='lat' dir='ltr'><strong>utumque</strong></span> 
     </span>
     <span class='ocr_line' id='line_1_33' title="bbox 225 3701 1396 3778; baseline 0.006 -24"><span class='ocrx_word' id='word_1_297' title='bbox 225 3701 388 3771; x_wconf 80' lang='lat' dir='ltr'><strong>vituperato.</strong></span> <span class='ocrx_word' id='word_1_298' title='bbox 437 3702 501 3778; x_wconf 86' lang='lat' dir='ltr'><strong>Luc.</strong></span> <span class='ocrx_word' id='word_1_299' title='bbox 526 3703 628 3758; x_wconf 84' lang='lat' dir='ltr'><strong>Miiller</strong></span> <span class='ocrx_word' id='word_1_300' title='bbox 657 3703 764 3759; x_wconf 80' lang='lat' dir='ltr'><strong>uariam</strong></span> <span class='ocrx_word' id='word_1_301' title='bbox 793 3702 942 3760; x_wconf 90' lang='lat' dir='ltr'><strong>lectionem</strong></span> <span class='ocrx_word' id='word_1_302' title='bbox 971 3720 1026 3760; x_wconf 91' lang='lat' dir='ltr'><strong>non</strong></span> <span class='ocrx_word' id='word_1_303' title='bbox 1056 3705 1217 3777; x_wconf 84' lang='lat' dir='ltr'><strong>adscripsit;</strong></span> <span class='ocrx_word' id='word_1_304' title='bbox 1248 3706 1396 3762; x_wconf 84' lang='lat' dir='ltr'><strong>secundum</strong></span> 
     </span>
     <span class='ocr_line' id='line_1_34' title="bbox 227 3790 1395 3862; baseline 0.007 -19"><span class='ocrx_word' id='word_1_305' title='bbox 227 3790 410 3845; x_wconf 82' lang='lat' dir='ltr'><strong>Biichelerum</strong></span> <span class='ocrx_word' id='word_1_306' title='bbox 429 3806 509 3858; x_wconf 89' lang='lat' dir='ltr'><strong>quem</strong></span> <span class='ocrx_word' id='word_1_307' title='bbox 528 3791 667 3848; x_wconf 80' lang='lat' dir='ltr'><strong>erravisse</strong></span> <span class='ocrx_word' id='word_1_308' title='bbox 685 3791 848 3847; x_wconf 84' lang='lat' dir='ltr'><strong>crediderim</strong></span> <span class='ocrx_word' id='word_1_309' title='bbox 867 3793 965 3862; x_wconf 90' lang='lat' dir='ltr'><strong>optimi</strong></span> <span class='ocrx_word' id='word_1_310' title='bbox 982 3793 1047 3848; x_wconf 90' lang='lat' dir='ltr'><strong>libri</strong></span> <span class='ocrx_word' id='word_1_311' title='bbox 1060 3793 1198 3862; x_wconf 89' lang='lat' dir='ltr'><strong>scriptura</strong></span> <span class='ocrx_word' id='word_1_312' title='bbox 1210 3799 1255 3849; x_wconf 91' lang='lat' dir='ltr'><strong>est</strong></span> <span class='ocrx_word' id='word_1_313' title='bbox 1266 3795 1395 3852; x_wconf 80' lang='lat' dir='ltr'><strong>tenebrio.</strong></span> 
     </span>
     <span class='ocr_line' id='line_1_35' title="bbox 226 3878 1395 3951; baseline 0.005 -18"><span class='ocrx_word' id='word_1_314' title='bbox 226 3878 264 3932; x_wconf 88' lang='lat' dir='ltr'><strong>Hi</strong></span> <span class='ocrx_word' id='word_1_315' title='bbox 276 3894 372 3934; x_wconf 87' lang='lat' dir='ltr'><strong>vocem</strong></span> <span class='ocrx_word' id='word_1_316' title='bbox 385 3883 498 3950; x_wconf 81' lang='lat' dir='ltr'><strong>uterquc</strong></span> <span class='ocrx_word' id='word_1_317' title='bbox 515 3881 642 3938; x_wconf 82' lang='lat' dir='ltr'><strong>referunt</strong></span> <span class='ocrx_word' id='word_1_318' title='bbox 660 3881 695 3936; x_wconf 84' lang='lat' dir='ltr'><strong>ad</strong></span> <span class='ocrx_word' id='word_1_319' title='bbox 715 3881 887 3936; x_wconf 88' lang='lat' dir='ltr'><strong>enuntiatum</strong></span> <span class='ocrx_word' id='word_1_320' title='bbox 906 3880 1101 3951; x_wconf 80' lang='lat' dir='ltr'><strong>condicionale3</strong></span> <span class='ocrx_word' id='word_1_321' title='bbox 1119 3883 1168 3938; x_wconf 92' lang='lat' dir='ltr'><strong>alii</strong></span> <span class='ocrx_word' id='word_1_322' title='bbox 1183 3889 1215 3938; x_wconf 91' lang='lat' dir='ltr'><strong>ut</strong></span> <span class='ocrx_word' id='word_1_323' title='bbox 1227 3883 1395 3940; x_wconf 85' lang='lat' dir='ltr'><strong>Ribbeckius</strong></span> 
     </span>
     <span class='ocr_line' id='line_1_36' title="bbox 225 3967 1394 4040; baseline 0.003 -16"><span class='ocrx_word' id='word_1_324' title='bbox 225 3967 288 4036; x_wconf 89' lang='lat' dir='ltr'><strong>(Rh.</strong></span> <span class='ocrx_word' id='word_1_325' title='bbox 307 3967 343 4022; x_wconf 87' lang='lat' dir='ltr'><strong>M.</strong></span> <span class='ocrx_word' id='word_1_326' title='bbox 365 3969 407 4038; x_wconf 88' lang='grc'><strong>14,</strong></span> <span class='ocrx_word' id='word_1_327' title='bbox 428 3971 492 4038; x_wconf 80' lang='grc'><strong>181)</strong></span> <span class='ocrx_word' id='word_1_328' title='bbox 511 3969 682 4040; x_wconf 80' lang='lat' dir='ltr'><strong>coniungunt</strong></span> <span class='ocrx_word' id='word_1_329' title='bbox 699 3975 811 4040; x_wconf 64' lang='lat' dir='ltr'><strong>curque</strong></span> <span class='ocrx_word' id='word_1_330' title='bbox 829 3973 973 4040; x_wconf 81' lang='lat' dir='ltr'><strong>atramque</strong></span> <span class='ocrx_word' id='word_1_331' title='bbox 991 3969 1158 4040; x_wconf 80' lang='lat' dir='ltr'><strong>vituperato;</strong></span> <span class='ocrx_word' id='word_1_332' title='bbox 1181 3986 1235 4039; x_wconf 90' lang='lat' dir='ltr'><strong>qua</strong></span> <span class='ocrx_word' id='word_1_333' title='bbox 1253 3971 1287 4027; x_wconf 77' lang='lat' dir='ltr'><strong>(le</strong></span> <span class='ocrx_word' id='word_1_334' title='bbox 1306 3977 1394 4027; x_wconf 89' lang='lat' dir='ltr'><strong>struc-</strong></span> 
     </span>
     <span class='ocr_line' id='line_1_37' title="bbox 222 4057 1156 4128; baseline 0.005 -18"><span class='ocrx_word' id='word_1_335' title='bbox 222 4059 289 4112; x_wconf 87' lang='lat' dir='ltr'><strong>tura</strong></span> <span class='ocrx_word' id='word_1_336' title='bbox 306 4057 356 4114; x_wconf 82' lang='lat' dir='ltr'><strong>cfr.</strong></span> <span class='ocrx_word' id='word_1_337' title='bbox 375 4057 486 4128; x_wconf 81' lang='lat' dir='ltr'><strong>Dra&#39;ger</strong></span> <span class='ocrx_word' id='word_1_338' title='bbox 503 4057 519 4110; x_wconf 96' lang='lat' dir='ltr'>I</span> <span class='ocrx_word' id='word_1_339' title='bbox 536 4072 563 4127; x_wconf 92' lang='lat' dir='ltr'><strong>p.</strong></span> <span class='ocrx_word' id='word_1_340' title='bbox 583 4059 617 4113; x_wconf 88' lang='grc'><strong>89</strong></span> <span class='ocrx_word' id='word_1_341' title='bbox 637 4063 666 4113; x_wconf 87' lang='lat' dir='ltr'><strong>et</strong></span> <span class='ocrx_word' id='word_1_342' title='bbox 683 4059 784 4128; x_wconf 80' lang='lat' dir='ltr'><strong>Menge</strong></span> <span class='ocrx_word' id='word_1_343' title='bbox 803 4059 828 4114; x_wconf 95' lang='lat' dir='ltr'><strong>J.</strong></span> <span class='ocrx_word' id='word_1_344' title='bbox 847 4058 942 4114; x_wconf 86' lang='lat' dir='ltr'><strong>Jahrb.</strong></span> <span class='ocrx_word' id='word_1_345' title='bbox 963 4059 1032 4114; x_wconf 84' lang='grc'><strong>1888</strong></span> <span class='ocrx_word' id='word_1_346' title='bbox 1050 4076 1076 4128; x_wconf 91' lang='lat' dir='ltr'><strong>p.</strong></span> <span class='ocrx_word' id='word_1_347' title='bbox 1095 4060 1156 4115; x_wconf 77' lang='grc'><strong>266.</strong></span> 
     </span>
    </p>

    <p class='ocr_par' dir='ltr' id='par_1_9' title="bbox 222 4144 1395 4482">
     <span class='ocr_line' id='line_1_38' title="bbox 318 4144 1395 4216; baseline 0.003 -16"><span class='ocrx_word' id='word_1_348' title='bbox 318 4145 339 4216; x_wconf 79' lang='lat'><strong>³)</strong></span> <span class='ocrx_word' id='word_1_349' title='bbox 356 4145 465 4214; x_wconf 80' lang='lat' dir='ltr'><strong>Ubique</strong></span> <span class='ocrx_word' id='word_1_350' title='bbox 484 4150 653 4201; x_wconf 87' lang='lat' dir='ltr'><strong>structuram</strong></span> <span class='ocrx_word' id='word_1_351' title='bbox 672 4144 804 4216; x_wconf 87' lang='lat' dir='ltr'><strong>explicari</strong></span> <span class='ocrx_word' id='word_1_352' title='bbox 822 4151 940 4216; x_wconf 87' lang='lat' dir='ltr'><strong>apparet</strong></span> <span class='ocrx_word' id='word_1_353' title='bbox 958 4147 1138 4204; x_wconf 84' lang='lat' dir='ltr'><strong>collocatione</strong></span> <span class='ocrx_word' id='word_1_354' title='bbox 1156 4148 1310 4206; x_wconf 87' lang='lat' dir='ltr'><strong>verborum.</strong></span> <span class='ocrx_word' id='word_1_355' title='bbox 1341 4147 1395 4203; x_wconf 91' lang='lat' dir='ltr'><strong>Ubi</strong></span> 
     </span>
     <span class='ocr_line' id='line_1_39' title="bbox 226 4232 1394 4305; baseline 0.004 -18"><span class='ocrx_word' id='word_1_356' title='bbox 226 4232 299 4288; x_wconf 88' lang='lat' dir='ltr'><strong>enim</strong></span> <span class='ocrx_word' id='word_1_357' title='bbox 319 4233 473 4289; x_wconf 88' lang='lat' dir='ltr'><strong>subiectum</strong></span> <span class='ocrx_word' id='word_1_358' title='bbox 499 4233 603 4289; x_wconf 92' lang='lat' dir='ltr'><strong>maiore</strong></span> <span class='ocrx_word' id='word_1_359' title='bbox 628 4234 776 4290; x_wconf 87' lang='lat' dir='ltr'><strong>intervallo</strong></span> <span class='ocrx_word' id='word_1_360' title='bbox 800 4251 817 4289; x_wconf 92' lang='lat' dir='ltr'><strong>a</strong></span> <span class='ocrx_word' id='word_1_361' title='bbox 839 4236 997 4305; x_wconf 86' lang='lat' dir='ltr'><strong>praedicato</strong></span> <span class='ocrx_word' id='word_1_362' title='bbox 1024 4235 1125 4305; x_wconf 84' lang='lat' dir='ltr'><strong>distat,</strong></span> <span class='ocrx_word' id='word_1_363' title='bbox 1149 4236 1262 4292; x_wconf 87' lang='lat' dir='ltr'><strong>verbum</strong></span> <span class='ocrx_word' id='word_1_364' title='bbox 1285 4236 1394 4292; x_wconf 89' lang='lat' dir='ltr'><strong>linitum</strong></span> 
     </span>
     <span class='ocr_line' id='line_1_40' title="bbox 222 4321 1394 4395; baseline 0.003 -19"><span class='ocrx_word' id='word_1_365' title='bbox 222 4336 283 4376; x_wconf 88' lang='lat' dir='ltr'><strong>cum</strong></span> <span class='ocrx_word' id='word_1_366' title='bbox 310 4322 467 4391; x_wconf 87' lang='lat' dir='ltr'><strong>praedicati</strong></span> <span class='ocrx_word' id='word_1_367' title='bbox 494 4321 605 4378; x_wconf 90' lang='lat' dir='ltr'><strong>nomine</strong></span> <span class='ocrx_word' id='word_1_368' title='bbox 629 4322 741 4393; x_wconf 89' lang='lat' dir='ltr'><strong>propius</strong></span> <span class='ocrx_word' id='word_1_369' title='bbox 764 4323 855 4392; x_wconf 90' lang='lat' dir='ltr'><strong>posito</strong></span> <span class='ocrx_word' id='word_1_370' title='bbox 886 4323 1021 4395; x_wconf 82' lang='lat' dir='ltr'><strong>congruit.</strong></span> <span class='ocrx_word' id='word_1_371' title='bbox 1064 4324 1229 4380; x_wconf 86' lang='lat' dir='ltr'><strong>Necessaria</strong></span> <span class='ocrx_word' id='word_1_372' title='bbox 1259 4331 1302 4380; x_wconf 90' lang='lat' dir='ltr'><strong>est</strong></span> <span class='ocrx_word' id='word_1_373' title='bbox 1324 4325 1394 4380; x_wconf 85' lang='lat' dir='ltr'><strong>haec</strong></span> 
     </span>
     <span class='ocr_line' id='line_1_41' title="bbox 223 4410 1394 4482; baseline 0.005 -18"><span class='ocrx_word' id='word_1_374' title='bbox 223 4415 379 4478; x_wconf 87' lang='lat' dir='ltr'><strong>structura,</strong></span> <span class='ocrx_word' id='word_1_375' title='bbox 405 4410 453 4465; x_wconf 91' lang='lat' dir='ltr'><strong>ubi</strong></span> <span class='ocrx_word' id='word_1_376' title='bbox 471 4411 585 4466; x_wconf 82' lang='lat' dir='ltr'><strong>verbum</strong></span> <span class='ocrx_word' id='word_1_377' title='bbox 604 4411 712 4467; x_wconf 87' lang='lat' dir='ltr'><strong>finitum</strong></span> <span class='ocrx_word' id='word_1_378' title='bbox 730 4413 846 4482; x_wconf 90' lang='lat' dir='ltr'><strong>primam</strong></span> <span class='ocrx_word' id='word_1_379' title='bbox 865 4413 957 4468; x_wconf 87' lang='lat' dir='ltr'><strong>sedem</strong></span> <span class='ocrx_word' id='word_1_380' title='bbox 977 4418 1066 4481; x_wconf 90' lang='lat' dir='ltr'><strong>tenet,</strong></span> <span class='ocrx_word' id='word_1_381' title='bbox 1092 4413 1246 4468; x_wconf 89' lang='lat' dir='ltr'><strong>subiectum</strong></span> <span class='ocrx_word' id='word_1_382' title='bbox 1267 4412 1394 4470; x_wconf 90' lang='lat' dir='ltr'><strong>ultimam</strong></span> 
     </span>
    </p>
   </div>
   <div class='ocr_carea' id='block_1_5' title="bbox 222 4497 341 4568">
    <p class='ocr_par' dir='ltr' id='par_1_10' title="bbox 222 4497 341 4568">
     <span class='ocr_line' id='line_1_42' title="bbox 222 4497 341 4568; baseline -0.008 -13"><span class='ocrx_word' id='word_1_383' title='bbox 222 4497 286 4568; x_wconf 86' lang='lat' dir='ltr'><strong>(Vll</strong></span> <span class='ocrx_word' id='word_1_384' title='bbox 305 4499 341 4568; x_wconf 86' lang='lat'><strong>8).</strong></span> 
     </span>
    </p>
   </div>
   <div class='ocr_carea' id='block_1_6' title="bbox 0 0 1596 5034">
    <p class='ocr_par' dir='ltr' id='par_1_11' title="bbox 0 0 1596 5034">
     <span class='ocr_line' id='line_1_43' title="bbox 0 0 1596 5034; baseline 0 1"><span class='ocrx_word' id='word_1_385' title='bbox 0 0 1596 5034; x_wconf 95' lang='lat' dir='ltr'><strong> </strong></span> 
     </span>
    </p>
   </div>
  </div>
 </body>
</html>
