3184 5034
692 241 912 302 ..55-

217 419 270 483 eet
297 416 413 498 putare
443 413 515 495 (eir.
541 413 692 482 Sehmalz
717 415 830 498 5272)
859 412 1103 484 ooniunetivnm
1134 415 1177 480 ed
1205 415 1389 498 exemplum
1421 439 1426 448 ·

217 521 362 604 optativi
391 520 515 589 Graeci
541 520 685 604 positum
713 539 786 588 esse
814 538 876 604 qno
903 539 958 588 res
982 520 1115 604 saepius
1137 523 1295 606 repetita,
1324 542 1389 592 non

217 627 319 695 semel
341 632 476 695 tantum
491 627 586 694 faeta
602 626 855 712 significaretur,
880 627 939 694 sed
955 626 1098 696 sufficiet
1114 632 1265 696 statuere
1289 649 1388 696 enun-

216 733 304 802 tiato
328 733 522 802 secundario
551 752 617 800 non
641 732 837 816 simpliciter
862 738 990 816 tempus
1012 733 1145 816 aliquod
1168 734 1305 818 definiri,
1330 737 1390 803 sed
1429 741 1433 748 '

216 841 305 909 inter
328 841 391 908 hoe
414 840 624 908 enuntiatum
654 846 689 908 et
717 840 925 909 enuntiatum
953 840 1145 923 primarium
1173 841 1313 910 similem
1335 862 1389 909 ra·

216 949 342 1017 tionem
359 947 565 1016 intercedere
581 954 683 1030 atque
699 967 726 1015 e.
742 969 773 1033 g.
786 949 848 1015 III
867 954 939 1023 16,6
963 948 1052 1016 inter
1066 948 1157 1031 prius
1180 949 1389 1019 enuntiatum

217 1055 395 1124 relativum
418 1059 453 1122 et
477 1055 687 1123 enuntiatum
710 1054 888 1138 superioris
912 1054 1035 1122 ordinis
1059 1055 1132 1140 (ofr.
1150 1074 1249 1139 supra
1273 1076 1303 1138 p.
1322 1057 1388 1140 49).

217 1163 305 1230 Item
329 1162 381 1233 VI
405 1168 444 1227 21
471 1166 554 1247 qood
576 1167 681 1251 faeere
704 1165 805 1232 soient
833 1165 929 1232 etiam
955 1187 1047 1233 5555
1068 1166 1163 1233 reniti
1185 1187 1258 1232 orem
1280 1166 1390 1233 555555

217 1274 282 1337 ete.
306 1269 423 1337 voeula
447 1295 529 1340 eam
556 1289 622 1338 non
650 1270 694 1337 ad
721 1275 852 1353 temone
879 1270 983 1337 solnm
1011 1273 1145 1353 spectet
1173 1270 1233 1337 sed
1255 1288 1390 1337 eausam

217 1377 313 1446 simul
335 1376 471 1444 indicat.
1250 1426 1253 1432 ·

305 1484 431 1554 Restat
465 1503 549 1552 unus
583 1483 675 1551 loeus
705 1484 764 1550 HI
798 1489 869 1567 16,9
902 1493 971 1554 tora
1001 1487 1037 1554 id
1065 1487 1195 1572 fociant
1226 1508 1300 1554 555

217 1595 354 1662 habeant
375 1591 431 1658 nbi
453 1591 535 1659 Keil
561 1589 796 1659 Schneiderum
819 1596 953 1657 secutus
982 1590 1199 1660 indicativum
1226 1589 1389 1658 restitnit.

218 1697 335 1780 Atque
359 1717 432 1766 eum
456 1697 684 1767 coniunctivae
709 1697 869 1780 explicari
892 1717 957 1764 non
979 1717 1076 1781 posse
1092 1698 1248 1767 videatur
1262 1698 1328 1768 nisi
1349 1717 1391 1764 ea

218 1805 350 1874 ratione
373 1825 471 1888 qnam
487 1824 508 1871 a
524 1807 675 1877 Varrone
699 1805 843 1872 alienam
867 1824 940 1873 esee
967 1806 1060 1873 modo
1084 1806 1268 1874 eeneuimue
1292 1804 1389 1891 (eoni.

219 1913 334 1980 iterat.
348 1945 391 1968 =
404 1918 471 1997 opt.
496 1914 629 1998 graeei,
653 1912 711 1981 vix
734 1912 777 1981 ab
800 1912 864 1979 hae
888 1913 1118 1981 emendatione
1141 1912 1312 1982 abstinere
1334 1931 1390 1995 po·

218 2019 365 2088 terimus.

755 2109 774 2190 a
800 2112 851 2173 er.

612 2213 798 2281 Formula
820 2224 912 2287 eant
934 2219 1001 2297 qai

220 2340 274 2425 (de
298 2338 389 2406 euius
412 2357 474 2406 neu
497 2337 712 2406 Ciceroniano
736 2338 795 2406 eir.
820 2338 1016 2407 Thielmann
1031 2358 1063 2421 p.
1085 2344 1165 2422 4333
1189 2338 1265 2408 vide
1288 2338 1391 2405 etiem

219 2446 381 2516 Sohmaln.
406 2449 426 2527 ξ
450 2449 528 2525 242)
553 2446 639 2529 epod
662 2446 847 2517 Varronem
870 2446 997 2512 totiens
1019 2445 1088 2513 iere
1113 2464 1184 2514 eum
1207 2444 1390 2513 indicativo

220 2553 397 2621 eoniunota
420 2551 545 2636 legitur
567 2571 663 2633 qnam
687 2571 758 2618 eum
783 2552 1006 2634 coniunctiv03
1030 2552 1088 2619 eir.
1113 2553 1203 2620 looos
1225 2554 1285 2622 hoe

309 2661 330 2726 1
354 2665 404 2742 7,7
429 2669 508 2730 eant
530 2683 611 2746 quoe
633 2683 703 2730 reon
722 2668 860 2747 posenni
881 2663 985 2730 vivere
1009 2713 1016 2727 .
1036 2712 1043 2728 .
1062 2684 1088 2744 .,·
1110 2660 1143 2730 V
1168 2666 1207 2723 85
1233 2668 1311 2728 sient
1333 2663 1391 2744 qai

220 2818 278 2835 ...
302 2769 475 2850 dixeram&
498 2766 530 2832 V
556 2771 617 2830 157
647 2775 725 2836 errat
752 2769 809 2852 qai
836 2769 1054 2854 scripserant·
1081 2763 1153 2834 VH
1181 2772 1222 2830 45
1251 2774 1329 2837 errat
1350 2768 1390 2835 iro

222 2875 337 2958 quidue
361 2920 418 2940 ...
442 2875 542 2944 555555
564 2876 705 2960 oriqinee

309 2998 382 3046 enm
402 2978 507 3048 hisee:
531 2979 550 3044 I
567 2984 586 3041 8
602 2978 676 3046 init.
693 2989 772 3050 eant
794 2983 851 3066 qui
867 2989 1002 3066 preterit·
1025 2981 1057 3050 V
1074 2985 1114 3043 30
1130 2984 1268 3067 foerurd
1283 2981 1340 3064 qni
1356 3031 1363 3046 .
1382 3031 1390 3047 .

221 3089 385 3171 dixerint·
406 3084 485 3152 ibid.
510 3093 588 3159 eunt
610 3089 667 3168 555
690 3138 747 3157 ...
771 3089 966 3156 tradiderint
990 3082 1184 3173 [deteriores
1204 3085 1280 3153 libri
1302 3089 1391 3152 utro·

216 3191 316 3273 bique
339 3191 436 3258 indie.
460 3189 651 3282 praebent];
675 3193 713 3260 X
730 3201 748 3257 5
765 3202 844 3264 earet
859 3197 915 3280 qni
932 3246 939 3262 .
958 3244 965 3260 .
984 3202 1121 3280 ,555555
1142 3191 1272 3280 [potent
1288 3191 1390 3260 Goth.

219 3302 254 3364 et
270 3294 410 3384 Haun.];
435 3298 520 3364 adde
536 3299 594 3366 IX
611 3305 652 3363 59
670 3298 739 3381 (ubi
754 3299 954 3368 adieetivum
971 3299 1114 3383 aceedit)
1138 3322 1297 3387 perpauco
1313 3305 1392 3367 sant

217 3428 298 3492 quoe
320 3407 456 3476 5555555
479 3409 515 3470 et
537 3405 557 3471 Ι
581 3410 633 3488 2,9
657 3408 716 3492 qai
739 3457 772 3474 ..
791 3409 929 3493 possint,
954 3409 1083 3477 555555.

307 3510 415 3594 Saepe
439 3511 542 3578 etiam
571 3510 642 3579 eine
670 3513 771 3581 verbo
798 3512 893 3579 finito
921 3513 1045 3596 legitur
1072 3520 1151 3582 sant
1173 3515 1249 3598 555·
1272 3509 1331 3577 eir.
1355 3509 1390 3578 V

219 3624 257 3682 51
285 3617 382 3688 Collis
410 3621 584 3688 Viminaiie
606 3643 627 3688 5
648 3621 724 3688 Iove
745 3621 903 3703 Vimirrio,
927 3622 1009 3701 qood
1032 3623 1076 3688 ibi
1099 3641 1184 3688 orae.
1209 3625 1303 3688 errat
1324 3618 1392 3697 555

216 3728 300 3807 qnod
320 3727 366 3794 idi
384 3727 539 3795 55555555
553 3728 689 3812 fuerint.
726 3725 823 3796 Collis
838 3728 1022 3809 Quirinalis
1029 3751 1040 3794 .·
1067 3724 1232 3809 Quirini)
1256 3729 1391 3812 555555·

217 3839 308 3902 soret
331 3833 397 3915 qroi
419 3854 440 3901 5
463 3834 644 3916 Quiritibus
666 3836 724 3916 555
746 3837 810 3900 oto.

308 4025 331 4095 1)
350 4021 411 4078 Non
424 4024 603 4082 dubitandum
617 4025 682 4094 quin
695 4028 745 4082 ant
757 4029 822 4082 onte
834 4041 929 4083 veoem
944 4025 1054 4092 eririni
1066 4029 1116 4082 eut
1127 4029 1192 4096 poet
1204 4040 1264 4081 eam
1276 4026 1391 4094 propter

217 4114 374 4170 litterarum
391 4113 601 4171 similitudinem
620 4112 772 4171 exciderint
789 4113 876 4172 verbe
893 4113 967 4185 qood
984 4113 1028 4180 555,
1048 4113 1098 4170 eir.
1118 4113 1238 4186 Spengel
1256 4113 1291 4169 ed
1309 4113 1327 4169 l.
