3184 5034
715 242 940 301 ..40-

242 415 357 481 obstat
375 413 497 481 omissa
513 415 593 480 ante
609 432 786 496 pronomen
801 413 978 482 relativum
995 413 1206 497 praepositio,
1223 414 1282 482 cfr.
1299 415 1411 484 Madv.

241 520 690 604 mfflmffllffl.

327 628 454 694 Prioris
485 626 700 694 attractionis
731 645 836 712 genus
862 665 900 676 -
926 628 970 693 ad
1000 628 1062 693 hoc
1093 627 1178 695 enim
1208 627 1276 694 iam
1305 633 1412 694 trans-

244 733 384 800 eundum
412 770 466 816 -,
498 733 584 816 quod
615 734 703 816 apud
729 733 855 817 priscos
879 740 997 816 poetas
1024 753 1089 801 non
1111 754 1187 801 raro
1216 734 1359 801 occurrit
1374 733 1412 821 ²),

240 857 282 904 ex
310 839 477 922 pedestris
501 840 659 907 sermonis
683 839 900 922 scriptoribus
923 860 987 908 non
1011 840 1094 907 adeo
1116 840 1230 908 multis
1254 841 1412 925 exemplis

239 945 404 1012 illustrari
437 951 566 1030 potest,
602 966 798 1028 quamquam
831 949 985 1030 Ktihner,
1022 947 1077 1029 qui
1112 968 1143 1029 p.
1177 952 1295 1029 847,10
1328 948 1413 1013 hanc

239 1055 442 1119 structuram
475 1053 510 1120 in
533 1072 682 1120 sermone
705 1054 854 1137 pedestri
876 1073 1014 1135 usquam
1036 1053 1178 1121 inveniri
1200 1059 1319 1138 negat,
1349 1053 1412 1120 sibi

237 1157 309 1240 ipse
329 1159 516 1240 obloquitur
529 1161 608 1228 duos
621 1161 711 1228 locos
725 1160 929 1228 Catonianos
940 1159 1146 1244 proferensl)
1158 1181 1189 1243 p.
1206 1162 1310 1240 acab)
1323 1165 1358 1226 et
1370 1162 1411 1243 e).

332 1267 494 1337 Varronis
511 1272 622 1334 autem
637 1267 742 1350 ipsius
758 1285 885 1350 qnoque
900 1285 1006 1350 panca
1022 1266 1250 1334 tantummodo
1263 1266 1412 1349 exempla

328 1531 350 1601 ¹)
368 1531 466 1585 Utrum
491 1531 614 1599 sequeris
638 1529 908 1600 interpretationem,
934 1531 1030 1586 eadem
1054 1529 1138 1586 Gellii
1161 1529 1254 1585 verbis
1277 1531 1302 1600 (I
1320 1531 1411 1601 auto)

236 1618 331 1675 afferri
350 1619 461 1675 debebit
480 1619 516 1673 ad
533 1619 667 1675 Varronis
685 1621 775 1675 locum
793 1620 916 1689 proxime
934 1618 1137 1686 accedentibus,
1157 1634 1226 1687 qnae
1245 1637 1263 1674 a
1281 1619 1410 1678 Kithnero

235 1724 261 1777 p.
282 1710 334 1762 847
353 1707 515 1763 laudantur:
534 1706 644 1763 Idcirco
663 1725 702 1764 au
719 1709 762 1764 bis
780 1709 878 1779 quibus
897 1708 960 1763 diat
977 1708 1087 1763 uocibus
1105 1709 1187 1779 quast
1202 1725 1255 1779 par
1274 1707 1410 1778 quendam

235 1797 333 1852 coitum
352 1802 379 1851 at
396 1796 522 1868 copulam
540 1814 639 1852 nomeu
657 1797 826 1852 indutiarum
845 1814 981 1852 couauum
1007 1803 1056 1852 ast.
1076 1827 1109 1836 -
1128 1797 1247 1865 Propter
1271 1796 1410 1866 praeposi-

234 1885 338 1940 tionem
362 1889 428 1941 ante
453 1902 602 1954 pronomen
626 1885 775 1941 relativum
798 1903 853 1941 non
872 1885 1021 1954 repetitam
1040 1887 1089 1941 cfr.
1110 1885 1180 1940 Keil.
1201 1885 1350 1953 ad140,o
1369 1901 1407 1938 aaa

235 1975 335 2030 arbore
354 1991 410 2045 qua
429 1974 486 2028 uult
501 1974 603 2029 labara
621 1974 767 2028 sarculum.

326 2063 348 2134 ²)
367 2061 508 2132 Originum
527 2069 685 2118 structurae
703 2064 849 2119 ostendere
868 2062 893 2117 si
911 2078 979 2131 opus
998 2068 1049 2130 est,
1068 2067 1186 2132 apparet
1204 2079 1238 2118 ex
1250 2062 1335 2132 prisci
1347 2063 1410 2118 vul·

234 2151 365 2222 genisque
391 2151 525 2206 sermonis
551 2150 730 2220 simplicitate
755 2166 814 2207 eam
839 2151 991 2207 ducendam
1020 2167 1089 2207 esse.
1127 2150 1194 2204 Cum
1218 2150 1292 2206 enim
1320 2166 1408 2206 sermo

233 2243 395 2294 versaretur
412 2240 441 2294 in
460 2239 665 2295 enuntiatorum
684 2238 780 2294 formis
804 2256 885 2308 quam
909 2245 1020 2310 poterat
1044 2238 1268 2309 simplicissimis,
1293 2255 1344 2294 nec
1363 2240 1409 2294 ad·

236 2328 375 2384 suemssut
393 2327 552 2383 artificiosis
570 2329 716 2385 verborum
735 2328 959 2384 conversionibus
977 2329 1034 2383 uti:
1053 2328 1101 2382 ubi
1114 2328 1205 2395 paullo
1218 2327 1322 2383 maiore
1341 2343 1409 2396 opus

234 2421 296 2471 erat
314 2417 420 2471 ambitu
432 2417 585 2486 verborum,
606 2417 735 2472 continuo
756 2433 858 2485 corum,
879 2418 925 2484 qui
944 2416 1183 2484 colloquebantur,
1203 2416 1304 2471 mentis
1325 2416 1408 2483 acies,

233 2510 266 2560 ut
289 2505 329 2560 ita
354 2506 458 2574 dicam,
481 2521 536 2560 non
560 2504 716 2561 sufficiebat
740 2505 775 2560 ad
795 2506 869 2561 clare
889 2504 1302 2574 dispiciendampropositionis
1322 2515 1409 2560 struc-

233 2599 323 2649 tnram
350 2610 402 2651 nec
425 2594 501 2649 ultra
525 2596 649 2665 proxima
673 2610 796 2663 quaeque
818 2593 975 2664 prospicere
999 2596 1069 2649 satis
1086 2593 1205 2650 valebat.
1244 2595 1303 2648 lans
1321 2599 1409 2649 struc-

234 2687 324 2747 turae,
343 2683 376 2738 de
396 2698 450 2751 qus
469 2683 540 2752 dico,
559 2691 592 2739 nt
609 2684 687 2740 brevi
706 2683 829 2752 exemplo
848 2691 925 2751 nter,
951 2683 1023 2753 apud
1044 2684 1173 2738 Plautum
1191 2682 1317 2737 -hunc
1336 2681 1407 2737 enim

233 2772 381 2827 maximum
401 2772 587 2841 exemplorum
606 2788 750 2828 numerum
770 2771 898 2828 exhibere
918 2771 1011 2828 exeis
1031 2788 1101 2841 qnae
1120 2772 1199 2827 modo
1218 2769 1275 2826 dixi
1289 2770 1409 2828 elucebit

237 2891 271 2902 -
290 2862 390 2930 Amph.
412 2863 491 2917 1009:

322 2949 491 3005 Naucratem
510 2967 589 3022 quam
607 2951 753 3006 aouoaua'ra
770 2949 852 3017 uolui,
870 2951 900 3005 iu
918 2951 983 3004 uaor‘
1000 2967 1054 3004 nou
1074 2955 1136 3004 arat

236 3037 386 3095 Naucratis
404 3056 503 3096 nomen
528 3055 588 3095 cum
613 3039 786 3109 pronuntiat,
811 3040 852 3096 ita
877 3040 1042 3095 obversatur
1064 3038 1154 3092 animo
1180 3037 1239 3092 eius
1267 3037 1406 3106 quidiste,

233 3131 266 3182 ut
295 3127 384 3182 solum
411 3145 471 3184 cum
499 3129 616 3199 proximi
646 3129 724 3185 verbi
754 3128 955 3199 (conveniendi)
983 3126 1095 3181 notione
1128 3126 1268 3196 iungatur,
1300 3126 1407 3182 omnino

233 3231 287 3270 non
306 3215 446 3273 referatur
464 3219 499 3272 ad
518 3219 693 3274 enuntiatum
713 3217 873 3286 primarium
891 3216 995 3271 maiore
1006 3214 1156 3271 intervallo
1170 3215 1284 3270 distans.
1315 3212 1405 3280 Quare

232 3320 295 3359 cum
315 3305 504 3373 ,Naucrates“
525 3337 556 3347 -
580 3306 767 3363 siverborum
785 3322 839 3360 non
858 3306 975 3360 formam
995 3304 1044 3360 sed
1063 3302 1228 3359 sententiam
1248 3303 1358 3372 quaeris
1371 3333 1404 3344 —

230 3392 367 3448 obiectum
388 3397 425 3449 sit
442 3393 522 3450 verbi
542 3394 730 3462 conveniendi,
749 3394 829 3449 huius
848 3393 965 3449 nominis
985 3409 1079 3448 casum
1092 3392 1282 3449 accusativum
1296 3390 1406 3460 scripsit

235 3488 320 3552 poeta
338 3500 392 3538 non
411 3499 511 3538 curans
530 3499 564 3539 aa
582 3483 667 3539 rerba
686 3499 757 3552 quae
775 3490 839 3552 post
857 3491 1016 3551 sequnntur.

319 3570 397 3638 Quod
417 3579 511 3628 autem
530 3572 558 3627 in
577 3589 679 3644 graeca
697 3572 794 3643 lingna
813 3572 909 3628 eadem
928 3576 1071 3627 structura
1083 3571 1189 3625 usitata
1203 3573 1255 3636 est,
1275 3585 1308 3623 ac
1320 3567 1407 3622 multo

230 3660 339 3729 quidem
362 3661 497 3717 usitatior
522 3678 601 3730 quam
627 3662 655 3717 in
673 3662 777 3731 latina,
801 3661 896 3717 Plauti
920 3660 1043 3730 exempla
1068 3668 1144 3715 certe
1162 3658 1256 3727 aliqua
1275 3673 1309 3712 ex
1327 3661 1407 3726 parte

228 3748 292 3804 inde
311 3748 446 3819 originem
466 3751 567 3808 ducere
589 3750 720 3807 contendi
737 3751 839 3821 possit3
858 3766 909 3806 nec
928 3759 1020 3805 tamen
1039 3748 1109 3802 hanc
1127 3748 1295 3804 sententiam
1314 3760 1406 3801 neces·

228 3837 330 3894 sariam
349 3853 410 3894 esse
428 3838 492 3894 inde
512 3845 637 3910 apparet,
657 3840 729 3909 quod
753 3841 849 3896 eadem
874 3838 983 3894 dicendi
1006 3836 1078 3892 ratio
1098 3836 1183 3892 etiam
1206 3835 1280 3904 apud
1305 3850 1355 3890 nos
1378 3834 1407 3889 in

227 3927 322 3997 populi
341 3927 498 3984 elocutione
517 3945 572 3984 non
590 3946 654 3984 raro
673 3928 822 3985 invenitur.
860 3929 945 3981 Immo
969 3926 998 3981 in
1023 3941 1186 3995 unaquaque
1205 3924 1302 3995 lingua
1322 3939 1406 3980 causa

229 4020 388 4072 structurae
407 4021 451 4072 est
470 4016 566 4072 cadens
584 4017 766 4087 neglegentia
785 4015 919 4072 sermonis
938 4015 1079 4071 cotidiani.

318 4105 339 4176 ³)
358 4121 423 4175 pag.
442 4106 495 4160 848
514 4105 541 4176 a)
567 4105 653 4160 etiam
671 4105 796 4161 Petronii
818 4106 908 4161 locum
927 4111 960 4160 ut
977 4104 1030 4158 huc
1049 4105 1235 4172 pertinentem
1256 4101 1405 4171 exscripsit

226 4195 260 4251 de
280 4210 332 4262 quo
351 4210 418 4250 sane
439 4194 561 4250 dubitari
579 4200 679 4264 potest.
695 4195 863 4250 Btichelerus
882 4201 958 4249 certe
976 4193 1047 4262 (cap.
1068 4194 1120 4247 134
1138 4216 1173 4240 =
1190 4209 1255 4261 pag.
1270 4191 1341 4260 101,
1362 4190 1404 4261 B.)

227 4285 267 4340 sic
285 4283 472 4352 interpunxit:
496 4282 526 4351 0,
545 4284 640 4354 iuquit,
663 4281 809 4350 Ocuotlraa,
827 4282 900 4338 Ituna
914 4281 1113 4337 adulescentem
1126 4298 1204 4352 quem
1223 4280 1315 4335 uides:
1333 4279 1404 4334 malo

227 4378 303 4427 ostro
322 4377 405 4428 uatus
424 4377 471 4428 ast.
508 4371 623 4427 Rectius
642 4378 749 4442 tamen,
774 4377 807 4427 ut
829 4371 952 4440 videtur,
976 4371 1066 4428 Riihn.
1091 4386 1172 4440 quam
1190 4371 1274 4426 Bitala.
1294 4369 1351 4425 cfr.
1371 4369 1404 4423 de

225 4461 252 4516 h.
272 4460 290 4516 l.
311 4459 397 4516 etiam
416 4458 559 4531 Segebado
576 4459 606 4515 in
625 4460 697 4516 Dias.
716 4460 779 4516 Hal.
798 4458 839 4514 IV
857 4459 910 4514 308
928 4476 954 4516 n.
976 4462 1017 4516 12.
