3184 5034
699 235 917 292 ...80-

228 424 313 489 quae
348 405 508 491 suscepit,
541 405 583 472 ad
614 422 750 472 munera
785 405 901 488 quibus
935 405 1068 473 functus
1103 410 1156 473 est
1191 409 1398 490 spectantes3

226 518 360 582 veteres
382 513 476 597 leges
500 512 642 595 scriptor
667 512 702 579 in
732 513 857 581 litteris
880 512 1130 581 versatissimus
1154 518 1398 598 commemorat,

230 620 321 686 diota
336 623 518 703 poetarum,
535 619 607 682 ἔπεα
619 619 800 699 πτερόεντα,
816 618 944 700 laudat,
961 638 1022 686 nec
1037 619 1209 702 popularia
1224 621 1400 704 proverbia

230 727 381 810 despicit.
415 725 566 807 Denique
590 728 748 806 quantum
771 730 885 806 posset
909 726 1089 793 orationem
1114 726 1243 793 studuit
1265 726 1401 795 variare

230 838 265 900 et
290 832 385 916 quasi
408 831 519 899 anima
542 850 582 898 ac
603 831 676 899 vitu
699 831 843 898 induere.
1388 898 1391 908 ,

317 937 488 1021 Exemplis
515 938 599 1004 haec
627 937 735 1004 omnia
763 937 915 1005 illustare
942 942 977 1004 et
1005 938 1196 1005 confirmare
1224 958 1288 1005 nou
1318 958 1398 1021 opus

228 1065 302 1114 esse
325 1063 457 1122 oensem
483 1044 522 1112 de
545 1063 611 1110 una
633 1062 669 1110 re
693 1062 778 1126 quae
801 1063 841 1111 ex
864 1045 925 1110 hoo
949 1063 1069 1129 genere
1093 1049 1146 1111 est
1168 1064 1276 1128 pauca
1292 1046 1392 1113 adno-

229 1153 320 1235 tabo,
346 1151 386 1218 de
409 1149 696 1218 translationibus.

767 1385 787 1464 s
812 1388 863 1447 ec.

602 1505 660 1572 De
683 1504 1031 1573 translationibus.

320 1628 396 1697 Non
418 1628 453 1696 id
476 1630 562 1712 quod
583 1631 697 1697 notum
720 1634 774 1697 est
799 1635 949 1713 repetam
980 1634 1051 1696 tam
1074 1631 1200 1714 amplos
1223 1630 1305 1699 fines
1329 1649 1404 1700 esse

231 1736 508 1818 metaphorarum,
540 1741 579 1804 ut
608 1736 717 1804 omnia
748 1735 818 1804 fere
849 1736 1011 1804 vocabula
1042 1755 1126 1818 quae
1159 1739 1404 1805 abstractorum

231 1841 360 1909 nomine
384 1844 558 1927 complecti
581 1846 731 1920 solemus,
764 1863 805 1910 ex
832 1844 896 1910 hac
918 1843 1024 1928 figura
1048 1842 1207 1928 originem
1238 1844 1402 1920 duxerint,

235 1949 293 2016 sed
317 1950 357 2016 de
381 1949 429 2019 eis
453 1951 525 2017 dico
549 1969 633 2032 quae
656 1950 797 2017 nondum
825 1950 907 2017 adeo
931 1970 992 2019 usu
1014 1952 1100 2019 trita
1124 1955 1211 2036 sunt,
1235 1956 1274 2018 ut
1296 1955 1403 2020 meta·

230 2056 354 2138 phorae
376 2061 498 2124 natura
521 2056 704 2126 evanuerit.

319 2163 464 2230 Medium
491 2162 598 2230 locum
625 2163 715 2231 inter
737 2163 820 2230 haec
844 2163 906 2230 duo
929 2183 1053 2248 genera
1075 2165 1104 2232 is
1128 2183 1206 2232 usus
1229 2168 1325 2232 tenet
1348 2165 1405 2247 qui

231 2269 395 2336 latissime
429 2273 527 2352 patet
560 2269 648 2354 apud
675 2271 874 2350 Varronem,
914 2270 985 2338 scil.
1020 2275 1059 2337 ut
1096 2291 1203 2339 rerum
1241 2272 1405 2339 vocabula

231 2376 373 2443 subiecti
404 2377 476 2444 loco
507 2377 617 2460 posita
649 2396 722 2445 oum
752 2377 863 2446 verbis
894 2376 1016 2461 agendi
1046 2377 1289 2462 coniungantur
1319 2397 1423 2462 quae,

230 2482 364 2567 propria
394 2502 493 2552 sensu
522 2484 588 2551 nisi
619 2484 659 2550 de
693 2482 876 2550 homiuibus
911 2482 977 2550 dici
1011 2503 1075 2550 non
1109 2490 1257 2567 possunt.
1304 2485 1404 2551 Hunc

231 2607 324 2656 usum
357 2590 524 2660 tractavit
546 2592 601 2659 W.
623 2591 718 2658 Bock
746 2587 909 2657 ‘subiecta
941 2590 990 2658 rei
1020 2609 1092 2657 cum
1124 2590 1266 2658 actionis
1293 2591 1404 2660 verbis

233 2696 450 2781 coniungendi
484 2715 563 2765 usus
599 2694 674 2764 etc.²
712 2701 747 2764 et
782 2697 932 2780 exempla
965 2696 1175 2768 Varroniano
1210 2699 1298 2781 apud
1332 2717 1405 2765 eum

232 2821 387 2888 magnam
421 2807 551 2887 partem
586 2802 692 2870 totius
727 2802 1013 2871 commentationis
1048 2802 1205 2870 efficiunt.
1263 2805 1305 2872 In
1339 2804 1405 2872 dis-

232 2910 390 2994 ponendis
425 2910 507 2978 locis
545 2929 587 2977 ex
622 2909 844 2979 substantivis
872 2909 1042 2992 profectus
1074 2913 1128 2976 est
1150 2911 1315 2979 Ahlenum
1346 2911 1405 2978 im-

231 3036 384 3103 pugnans
412 3017 467 3100 qui
493 3036 553 3101 per
581 3017 703 3103 agendi
730 3018 833 3087 rerba
857 3016 1007 3100 exempla
1029 3015 1247 3100 disposuerat.
1286 3016 1406 3084 Bookii

232 3124 320 3191 ratio
352 3143 436 3206 quae
466 3125 632 3192 nonnullis
662 3125 697 3192 in
726 3124 879 3207 partibus
907 3123 998 3190 haud
1029 3123 1125 3190 dubie
1154 3125 1325 3207 probanda
1352 3128 1406 3192 est
1541 3166 1542 3180 ι

232 3231 384 3299 velutin
407 3251 447 3298 ea
471 3250 603 3313 quares
627 3233 670 3298 ab
687 3230 834 3313 antiquis
859 3229 971 3298 divina
992 3229 1101 3296 indole
1124 3230 1295 3313 praeditas
1320 3250 1405 3297 oom-
1540 3206 1543 3263 ²

232 3336 349 3421 plexus
373 3341 425 3404 est
450 3342 590 3421 (catomo,
612 3339 744 3421 fortem
768 3337 850 3422 etc.)
867 3355 964 3419 quam
987 3340 1079 3403 recte
1101 3337 1136 3403 in
1159 3341 1234 3404 tota
1258 3338 1406 3421 disputa·
1540 3354 1542 3397 ε

233 3443 324 3510 tione
347 3443 499 3511 adhibita
515 3444 572 3521 sit,
596 3443 673 3511 inde
697 3462 858 3528 cognosce
875 3444 960 3527 quod
982 3443 1048 3510 loci
1071 3462 1151 3525 quos
1175 3444 1325 3526 separari
1340 3462 1406 3510 om·

233 3550 310 3618 uino
333 3550 502 3618 nonlicet
530 3550 617 3632 apud
648 3549 741 3616 illum
769 3549 911 3632 undique
939 3549 1151 3632 conquirendi
1178 3554 1270 3632 sunt3
1302 3549 1405 3632 velut,

233 3661 272 3722 nt
296 3675 338 3721 ex
360 3658 446 3724 nube
470 3659 693 3741 exemplorum
709 3676 807 3725 unum
831 3656 999 3742 eligamI
1022 3661 1096 3739 13‚2
1120 3657 1194 3722 toro
1214 3656 1297 3721 cutm
1320 3653 1405 3741 (scil.

233 3762 386 3845 plaustra
402 3766 480 3844 etc.)
505 3815 512 3828 .
530 3815 538 3831 .
553 3766 659 3848 farem
674 3765 763 3830 modo
777 3785 841 3830 noo
861 3768 1004 3828 metuant
1025 3789 1066 3824 m
1090 3764 1110 3829 I
1132 3769 1205 3849 22‚o
1223 3781 1303 3847 quoe
1324 3761 1407 3826 caim

233 3889 286 3935 ros
308 3867 418 3934 cotidie
440 3870 594 3949 uideatur,
618 3871 725 3936 minos
747 3875 890 3935 metuant
910 3871 1024 3953 forem.

773 4097 792 4186 p
819 4105 870 4164 oc.

324 4243 382 4312 Ad
403 4241 554 4328 proprias
578 4244 690 4310 autem
706 4241 947 4309 translationes
963 4243 1054 4308 recte
1069 4239 1306 4325 intelligendas
1329 4259 1407 4307 nnn-

236 4369 334 4434 quam
356 4349 690 4433 praetermittendum
714 4353 768 4416 est
783 4349 968 4419 Varronem
997 4348 1133 4432 egregia
1156 4351 1276 4430 poetae
1298 4347 1409 4414 indole
1545 4363 1546 4404 ι

236 4457 423 4542 praeditum
446 4456 565 4539 fuisse;
596 4456 682 4524 unde
706 4474 771 4523 non
793 4473 870 4522 raro
894 4453 1028 4522 difficile
1053 4460 1106 4524 est
1129 4473 1310 4523 sermonem
1332 4472 1408 4537 poe·
