3184 5034
694 221 911 281 ..36-

214 395 357 465 nominis
380 394 617 464 nominativum
634 394 809 462 subaudire
825 396 979 476 oporteat
994 392 1028 458 in
1043 391 1227 474 posteriore
1243 394 1385 459 membro

212 505 233 570 I
259 510 331 587 17,2
360 507 448 589 iique
475 527 554 590 quos
582 505 761 570 obuercrios
787 504 893 571 uestri
921 505 1104 570 vocitarunt
1126 508 1156 568 et
1178 503 1274 568 etium
1296 523 1387 570 uuuc

213 619 292 680 suut
313 614 352 680 iu
373 611 455 679 Asia
478 613 542 675 etc.
567 606 625 694 (ad
648 626 742 688 quern
765 607 872 673 loenm
895 605 953 672 cfr.
978 605 1068 672 Keil.
1093 607 1221 689 comm.)
1244 607 1385 672 et130

216 738 296 799 quoe
321 718 475 802 fieri
502 717 676 800 oportuerit
703 722 732 782 et
758 737 827 784 uou
854 722 932 784 suut
958 716 1110 783 absoluto.
1157 709 1252 796 Quod
1275 717 1386 779 autern

174 894 178 902 ,
215 823 252 888 Χ
279 827 319 887 73
343 823 458 891 Primo
482 858 525 869 -
549 819 619 885 scil.
648 820 776 902 species
805 830 917 890 -est
944 845 1009 907 qua
1034 824 1088 889 usi
1115 823 1245 905 antiqui
1272 828 1302 889 et
1328 844 1388 889 uos

214 931 405 1015 reliquimus
428 926 471 994 ad
495 927 635 993 alterurn
658 927 794 994 verbum
816 925 944 992 finitum
968 945 1010 993 ex
1032 925 1174 993 ablativi
1193 925 1298 992 forma
1313 944 1386 1008 pro·

214 1033 354 1101 nominis
377 1033 514 1100 relativi
536 1032 736 1116 supplendus
761 1037 814 1099 est
838 1033 1064 1116 accusativus,
1094 1031 1213 1101 similia
1237 1031 1387 1114 exempla

215 1160 280 1208 non
303 1160 378 1207 raro
401 1140 615 1208 inveniuntur
638 1139 725 1222 apud
748 1140 936 1222 scriptores.

263 1319 270 1330 ,
304 1247 362 1314 Ad
376 1246 580 1313 sententiam
596 1247 891 1315 demonstrativam
904 1245 1103 1339 quibusdam
1113 1245 1195 1312 locis
1210 1246 1386 1328 propterea

215 1353 330 1421 debuit
353 1353 495 1435 scriptor
517 1353 663 1419 transire
687 1371 728 1419 ex
751 1353 918 1420 enuntiati
940 1351 1075 1421 relativi
1095 1355 1276 1435 structura,
1301 1350 1387 1432 qnod

216 1479 289 1527 curn
303 1459 382 1526 bina
398 1459 573 1526 enuntiate
588 1459 764 1542 particulis
780 1459 989 1527 correlativis
1006 1465 1120 1544 (et-et-;
1142 1455 1387 1544 sequererque)

216 1566 305 1634 inter
333 1585 368 1633 se
397 1565 636 1644 coniunxisset,
667 1565 702 1632 in
730 1567 840 1633 altera
867 1566 1058 1634 sententiae
1088 1569 1186 1649 parte
1212 1583 1388 1648 pronomen

216 1673 395 1742 relativum
418 1673 507 1740 nullo
529 1673 657 1739 omntno
673 1674 766 1740 modo
782 1692 903 1756 ponere
918 1673 1038 1757 potuit,
1063 1672 1093 1739 si
1108 1673 1237 1754 quidem
1253 1671 1388 1740 volebat

216 1783 418 1847 structuram
440 1779 726 1861 impeditissimum
750 1780 880 1848 evitare
897 1780 935 1866 1).

304 1887 324 1952 Ι
351 1892 422 1962 13,5
446 1888 643 1972 Aedifioiuru
659 1940 665 1955 .
684 1940 692 1955 .
710 1941 717 1955 .
735 1912 774 1956 eu
796 1911 867 1957 uuo
883 1890 976 1973 perii
995 1896 1140 1972 opertum
1155 1897 1184 1956 et
1198 1891 1234 1956 ici
1248 1889 1286 1954 ub
1301 1909 1387 1971 urea,

217 2015 287 2079 quo
318 2002 346 2062 et
377 1995 416 2063 iu
447 1996 601 2062 tritururu
630 2017 788 2080 proruere
822 1997 917 2081 facile
946 1997 1052 2079 possis
1083 2003 1113 2063 et
1137 2047 1143 2062 .
1170 2040 1176 2055 ·
1203 2045 1210 2060 .
1234 1995 1323 2063 iude
1352 2000 1390 2060 ut

217 2124 335 2170 rursus
370 2103 512 2169 celeriter
541 2103 676 2185 reicere·
709 2102 729 2166 I
763 2106 833 2178 16,1
867 2099 917 2184 (si
946 2099 1057 2168 vicina
1087 2101 1179 2185 regio
1210 2098 1291 2166 telis
1322 2097 1389 2180 est)

217 2232 288 2293 quo
310 2230 413 2292 neque
434 2211 563 2295 fructus
585 2215 712 2276 uestros
735 2216 901 2294 exportare
925 2210 1070 2294 expediet
1084 2229 1186 2295 reque
1204 2210 1295 2277 iude
1310 2229 1390 2291 quoe

218 2338 298 2401 opus
320 2323 399 2385 suut
420 2316 598 2401 udporiure.
644 2313 794 2395 Utroque
816 2315 888 2381 loco
911 2333 953 2380 ex
974 2312 1117 2382 relativo
1142 2338 1216 2401 quo
1245 2311 1390 2380 transire

218 2420 367 2489 videmus
391 2419 586 2502 scriptorem
609 2419 653 2485 ad
676 2419 851 2487 demonstr.
875 2422 983 2489 iude.

308 2525 479 2595 Simillime
502 2527 540 2592 H
564 2532 638 2609 4‚12
662 2545 735 2592 cnm
758 2525 932 2593 enuntiato
947 2525 1090 2595 relativo
1113 2524 1269 2592 bifariam
1285 2525 1390 2592 diviso

218 2633 270 2700 uti
293 2632 446 2716 voluerit,
470 2637 583 2699 tamen
607 2651 680 2698 enm
702 2637 876 2714 utramque
898 2637 1028 2715 portem
1044 2631 1268 2698 coniunxisset
1286 2631 1391 2715 parti-

219 2739 302 2806 culis
324 2762 394 2809 uou
415 2741 518 2807 sotum
534 2791 542 2806 .
561 2792 567 2806 .
584 2742 638 2807 seri
660 2742 757 2808 etiuu
772 2790 778 2804 .
796 2793 815 2826 .,
839 2743 1045 2807 astructura
1064 2739 1222 2805 incohata
1237 2739 1391 2805 recedere

220 2850 355 2912 coactus
385 2845 420 2911 in
447 2844 555 2911 altero
583 2846 726 2911 membro
750 2846 793 2913 ad
816 2845 1071 2929 propositionem
1094 2845 1390 2913 demonstrativam

220 2951 383 3036 confugit3
415 2975 503 3022 socero
533 2973 627 3037 quoe
651 3005 658 3021 .
684 3005 691 3021 .
715 2976 784 3023 riou
813 2956 904 3022 uodo
934 2976 1064 3041 surpere
1095 2976 1164 3022 uou
1187 2960 1307 3040 posset,
1338 2954 1393 3020 sed

220 3063 315 3130 dium
337 3067 375 3128 ut
396 3061 436 3128 iu
458 3061 541 3128 eius
563 3082 691 3147 corpore
713 3083 806 3130 sorec
823 3107 829 3121 ·
849 3108 856 3122 ·
873 3063 989 3130 uirium
1010 3062 1144 3147 fecisset.

222 3304 295 3374 qnod
318 3303 389 3360 hane
414 3308 584 3359 structuram
610 3303 653 3360 ite
675 3309 785 3360 tentum
810 3303 977 3371 admittunt,
1002 3312 1033 3360 ut
1056 3305 1162 3360 formes
1186 3304 1340 3361 accusativi
1364 3309 1393 3360 ct

221 3393 386 3450 nominativi
401 3409 483 3462 peres
507 3393 582 3448 inter
605 3409 636 3448 se
654 3392 724 3462 siut;
744 3392 920 3461 quemobrem
937 3408 991 3448 non
1009 3402 1160 3464 usurpatur
1176 3393 1232 3448 nisi
1249 3393 1278 3448 in
1296 3392 1392 3448 formis

221 3484 335 3555 generis
353 3483 479 3539 neutrius
498 3482 590 3554 (quod,
608 3484 701 3554 puae).
736 3482 815 3538 Hane
827 3483 919 3553 legem
938 3499 973 3539 ne
992 3483 1145 3539 oVorrone
1158 3483 1267 3551 quidem
1279 3480 1392 3552 neglegi

219 3573 345 3643 exemplo
362 3573 473 3642 prolata
490 3570 688 3629 demonstrent.

294 3662 316 3733 ²)
334 3661 406 3717 Nem
427 3661 523 3718 brevia
538 3661 683 3718 enuntiate
705 3661 823 3719 relative
842 3662 941 3731 (neque
959 3661 1079 3718 relative
1095 3665 1218 3728 mutum,
1237 3659 1287 3716 sed
1304 3659 1392 3715 cuins·

219 3750 262 3806 vis
291 3749 403 3820 generis
430 3750 575 3806 enuntiate
603 3750 776 3822 secundaria)
806 3750 952 3819 particulis
986 3749 1160 3806 correlativis
1190 3749 1233 3804 ita
1263 3747 1392 3819 conlungi

224 3846 351 3908 possunt,
369 3844 402 3893 ut
419 3839 558 3908 porticula
576 3839 742 3896 correlative
760 3840 788 3893 in
807 3839 898 3907 priore
910 3839 1031 3894 membro
1045 3843 1178 3907 sequetur
1189 3853 1338 3907 pronomen
1349 3852 1392 3893 re·

218 3926 352 3994 lativum‚
376 3926 406 3982 in
429 3927 519 3984 altero
543 3928 699 3984 antecedet.
737 3928 821 3983 Velut
849 3927 954 3998 legitur
977 3928 1051 3996 11⁷,
1072 3928 1105 3982 10
1130 3927 1274 3982 aunuum
1292 3943 1327 3981 ue
1345 3931 1395 3981 aut

220 4015 345 4072 laborent
366 4015 525 4088 plusculum
543 4022 592 4072 aut
613 4035 648 4072 roe
663 4017 780 4089 fripidis
798 4017 865 4072 locis
883 4018 954 4082 sint;
972 4018 1015 4071 lII
1033 4020 1063 4083 7,
1082 4019 1099 4071 5
1124 4015 1197 4070 uude
1216 4021 1242 4071 et
1259 4016 1349 4071 litere
1367 4020 1395 4069 et

219 4105 267 4160 uli
290 4104 380 4160 lauari
400 4106 523 4178 possiut;
546 4106 615 4161 VIII
635 4111 649 4161 2
668 4106 743 4178 quod
760 4112 785 4162 et
798 4148 825 4162 ..
845 4112 871 4161 et
888 4106 962 4177 queri
974 4149 981 4162 .
995 4125 1019 4170 .;
1037 4105 1076 4159 IX
1094 4109 1111 4159 7
1129 4122 1179 4159 eur
1197 4121 1253 4160 nou
1271 4104 1350 4160 modo
1364 4142 1391 4160 ..

221 4193 273 4249 sed
289 4195 369 4250 etiam
388 4210 439 4249 cur
452 4235 458 4248 .
473 4233 501 4250 ..
537 4195 642 4250 Eadem
659 4196 806 4251 verborum
825 4194 1006 4250 collocatione
1025 4195 1109 4250 etism
1128 4193 1223 4250 Cicero
1241 4193 1344 4261 utitur,
1362 4193 1392 4247 in

220 4281 349 4352 epistulis
368 4283 555 4353 potissimum,
576 4284 625 4342 cfr.
645 4285 680 4340 ed
699 4285 757 4341 Art.
782 4286 795 4338 I
821 4286 850 4352 5,
869 4287 888 4338 4
906 4283 1029 4352 (accidit,
1048 4289 1123 4338 utet
1139 4283 1308 4338 comestione
1326 4280 1393 4337 uitri

222 4387 294 4441 opus
313 4378 385 4427 esset
403 4377 430 4426 et
446 4378 476 4427 ut
493 4389 542 4444 epo
561 4372 670 4429 mallem
689 4377 755 4444 etc.)
775 4378 804 4430 ct
821 4373 885 4430 vide
898 4372 1048 4427 Hofmsnni
1066 4379 1160 4453 notem
1178 4372 1207 4426 in
1226 4372 1292 4427 edit.
1312 4372 1392 4441 epist

221 4459 279 4528 lp.
298 4461 341 4516 63.
