3184 5034
687 235 817 293 -as
864 191 912 276 -’

210 429 238 487 p.
269 407 370 472 755l1
399 406 454 489 qui
482 408 595 472 tamon
622 404 728 472 minus
756 408 848 472 recte
872 405 953 472 dicit
981 404 1084 488 „iam“
1111 404 1198 487 apud
1220 403 1381 472 Oatonem

211 515 327 579 deesse
350 513 549 596 particulam
573 515 659 582 enim
682 530 707 578 s.
730 535 824 582 nom:
839 511 935 578 immo
951 513 1035 578 haec
1051 515 1103 578 est
1119 511 1261 594 pristina
1277 511 1382 577 forma

211 619 379 700 loquendi,
412 625 450 686 ut
480 637 534 684 res
565 618 659 700 ipsae
687 618 791 684 solum
822 617 932 686 verbis
961 616 1201 700 exprimentum
1226 617 1382 700 quivero

211 744 353 792 conexus
377 726 465 792 inter
489 724 638 809 singulas
661 743 715 790 res
740 723 944 802 intercedat*
969 723 1003 789 id
1027 723 1236 791 audientibus
1260 724 1382 791 intelli·

212 833 353 916 gendum
392 830 613 912 relinquatur:
654 830 865 897 audientibus
904 829 990 912 dico,
1026 848 1104 896 nam
1145 828 1180 895 in
1222 829 1383 897 audiendo

211 938 296 1003 talia
324 938 427 1004 multo
455 936 585 1004 facilius
613 936 810 1020 percipimus
842 956 938 1018 quam
961 935 996 1002 in
1019 935 1158 1020 legendo
1184 934 1256 1022 (cir.
1281 935 1383 1002 etiam

213 1042 394 1127 Segebade,
419 1042 508 1110 Diss.
533 1044 610 1110 Hal.
634 1044 687 1114 1V
709 1063 739 1126 p.
767 1046 828 1106 305
855 1048 890 1109 et
913 1062 953 1124 po
970 1044 1057 1123 309).

300 1149 451 1230 Denique
475 1149 660 1232 asyndeton
684 1138 899 1232 etiam‘apud
913 1150 1098 1218 Varronem
1120 1149 1314 1232 saepissime
1336 1149 1383 1216 in-

211 1255 319 1324 veniri
349 1274 420 1321 oum
452 1254 670 1337 parallelismi
693 1258 728 1321 et
752 1253 891 1322 chiasmi
913 1253 1026 1322 formis
1050 1253 1273 1339 coniunctum,
1297 1255 1384 1322 infra

213 1361 502 1427 demonstrandum
533 1361 597 1428 erit
628 1361 662 1427 in
697 1380 734 1427 eo
770 1361 882 1443 capite
912 1379 974 1444 quo
1006 1361 1179 1428 collocatio
1211 1364 1385 1430 verborum

211 1467 446 1536 illustrabitur.

778 1574 873 1656 §aa

303 1699 356 1764 De
380 1697 428 1765 eis
452 1696 635 1765 enuntiatis
659 1717 742 1779 quae
767 1717 827 1780 ope
851 1696 1114 1765 coniunctionum
1137 1697 1226 1766 inter
1249 1719 1285 1766 se
1312 1718 1386 1766 nec-

213 1808 331 1871 tuntur
353 1806 414 1871 hoc
438 1823 536 1871 unum
559 1804 669 1871 facere
693 1823 757 1872 non
780 1823 911 1888 possum
935 1805 1013 1887 quin
1033 1824 1178 1888 premam
1194 1806 1388 1889 saepissime

214 1913 397 1984 Varronem
433 1910 616 1977 enuntiatis
652 1930 755 1992 aequo
791 1911 903 1978 ordine
941 1911 1061 1993 positis
1093 1912 1195 1978 etiam
1226 1915 1297 1979 tum
1326 1912 1387 1997 uti,

214 2037 286 2085 cnm
303 2017 480 2084 secundum
496 2021 679 2084 ceterorum
702 2017 900 2100 scriptorum
923 2019 1191 2087 consuetudinem
1214 2023 1387 2102 exspectes

214 2124 461 2190 enuntiatorum
484 2123 622 2190 formam
645 2124 902 2208 hypotaeticam.
947 2125 1021 2191 Hoc
1044 2125 1130 2193 enim
1153 2125 1207 2194 vel
1230 2144 1387 2193 summum

214 2230 389 2297 discrimen
412 2231 464 2296 est
488 2230 574 2310 quod
595 2230 732 2298 intersit
746 2230 837 2297 inter
852 2231 1012 2302 Varronis
1028 2251 1210 2298 sermonem
1226 2235 1261 2298 et
1278 2252 1386 2300 eorum

214 2334 270 2417 qui
297 2335 382 2403 artis
413 2336 599 2403 rhetoricae
628 2342 808 2420 praecepta
837 2338 944 2404 secuti
975 2338 1193 2405 elocutionem
1223 2339 1386 2422 perpolire

214 2441 427 2509 studuerunt:
460 2443 523 2509 hac
546 2443 581 2509 in
604 2462 639 2510 re
662 2448 798 2526 praeter
821 2449 934 2510 cetera
957 2443 1077 2510 nititur
1100 2444 1280 2512 similitudo
1304 2463 1387 2527 quae

213 2547 375 2620 Varronis
399 2548 540 2615 sermoni
564 2553 616 2616 est
640 2568 712 2616 cum
736 2550 864 2616 dicendi
889 2550 1124 2617 cousuetudine
1148 2551 1326 2617 cotidiana.

301 2655 460 2738 Exemplo
484 2655 529 2722 sit
546 2655 661 2723 Cicero
685 2656 741 2738 qui
764 2656 849 2738 quod
872 2656 937 2723 alio
961 2675 1110 2724 sermone
1134 2656 1241 2723 utitur
1262 2657 1297 2725 in
1321 2655 1387 2740 epi·

214 2760 327 2836 stubs,
359 2761 426 2827 alio
457 2762 492 2828 in
524 2761 743 2846 orationibus,
776 2782 817 2829 ea
844 2762 1051 2844 potissimum
1077 2763 1112 2829 in
1139 2782 1176 2829 re
1200 2762 1387 2830 differentia

212 2866 324 2950 posita
348 2871 411 2942 est,
436 2867 522 2949 qnod
543 2868 578 2934 in
602 2868 787 2936 orationum
811 2888 932 2953 genere
956 2869 1085 2937 dicendi
1108 2869 1284 2938 enuntiata
1299 2869 1388 2937 inter

214 2992 250 3040 se
273 2975 523 3058 subiunguntur,
548 2973 617 3040 illic
641 2974 892 3060 coniunguntur.

302 3080 442 3164 Singula
466 3086 577 3148 autem
601 3079 751 3164 exempla
774 3083 960 3150 exscribere
984 3083 1041 3152 vix
1055 3082 1189 3151 videtur
1205 3101 1284 3166 opus
1302 3101 1384 3166 esse,

214 3186 368 3268 quoniam
392 3187 575 3270 quicunque
597 3188 652 3257 vel
675 3208 782 3272 pauca
799 3189 959 3260 Varronis
982 3189 1104 3274 legerit
1127 3191 1213 3256 hano
1229 3189 1387 3257 sermonis

214 3292 416 3360 Varroniani
462 3294 700 3377 proprietatem
746 3314 810 3360 non
849 3295 1114 3364 animadvertere
1151 3316 1216 3363 nou
1254 3295 1387 3379 poterit.

213 3399 400 3466 Praeterea
423 3399 511 3467 inira
535 3401 596 3467 hoc
619 3400 701 3468 illud
724 3401 905 3484 exemplum
928 3402 992 3486 ipsi
1016 3403 1124 3472 obiter
1146 3406 1332 3488 tangemus.

696 3877 828 3961 Oaput
851 3880 899 3945 H.

510 4037 565 4106 De
589 4034 795 4106 enuntiatis
819 4035 1090 4108 subordinatis.

751 4213 770 4302 s
795 4219 846 4284 23.

305 4339 533 4407 Transeuntes
561 4338 627 4406 iam
656 4339 699 4406 ad
727 4357 785 4436 eas
809 4339 1055 4407 enuntiationes
1078 4339 1113 4406 in
1136 4340 1258 4422 quibus
1276 4339 1387 4406 altera

214 4464 293 4529 pars
317 4464 360 4512 ex
382 4447 492 4514 altera
514 4446 646 4529 pendet,
671 4446 752 4513 item
775 4445 964 4542 debebimus
988 4445 1201 4530 distinguere,
1219 4449 1328 4512 utrum
1344 4445 1388 4512 ad
