3184 5034
700 255 920 314 ..33-

220 425 501 494 commemoranda
532 425 613 492 sint:
653 429 760 509 Quare
790 429 945 514 quonium
975 430 1081 496 emisti
1114 429 1271 515 feudum,
1303 447 1394 508 quem

220 539 295 604 bace
321 536 448 602 colendo
475 537 678 620 scamnorum
706 557 777 602 ouon
803 537 909 621 facere
936 537 1027 619 cedis,
1055 557 1164 620 meque
1191 543 1228 602 ut
1250 535 1287 602 id
1313 537 1395 604 mibi

219 643 349 710 boboam
371 639 508 725 morce1)
539 664 638 729 ropac,
674 645 831 728 ceperim.
877 641 955 706 Hac
982 640 1017 706 in
1043 639 1199 707 librorum
1228 639 1393 722 scriptura

219 749 262 814 ab
293 747 532 830 interpretibus
562 766 628 813 non
657 749 760 814 semel
787 752 956 829 temptata
984 766 1026 814 ex
1054 747 1284 814 coniunctione
1313 772 1394 816 cum

220 853 287 941 (cui
299 872 384 935 quae
398 853 599 936 respondeat
615 854 768 937 apodosis
785 853 893 930 deest;
912 853 980 920 alia
997 854 1141 921 eiusdem
1158 853 1391 920 anacoluthiae

220 961 370 1042 exempla
402 960 536 1045 collegit
563 960 653 1026 Keil.
682 960 717 1027 in
746 980 858 1027 comm.
888 960 931 1027 ad
962 961 994 1026 h.
1018 960 1056 1046 l.)
1087 961 1172 1026 duae
1202 959 1392 1027 sentcntiae

218 1065 378 1152 pendent,
419 1086 479 1134 eae
517 1067 646 1135 scilicet
684 1085 820 1150 quarum
858 1068 960 1136 verba
998 1067 1095 1134 finita
1133 1070 1211 1134 sunt
1246 1070 1325 1136 velie
1357 1069 1392 1133 et

218 1197 326 1262 copae·
347 1173 524 1242 relativum
553 1192 625 1241 cum
652 1174 761 1257 priore
792 1175 925 1241 tantum
954 1175 1097 1240 membro
1125 1173 1279 1262 coniungi
1301 1172 1391 1238 licet.

220 1281 295 1348 Iam
319 1285 523 1348 structuram
545 1281 580 1347 in
603 1281 735 1348 dubium
765 1300 886 1349 vocare
915 1299 980 1348 non
1011 1279 1143 1350 videtur
1171 1279 1394 1347 necessarium

220 1384 340 1470 esse.²)

310 1528 395 1595 Mire
420 1530 530 1594 antem
554 1532 726 1594 contortus
750 1533 803 1596 est
835 1528 888 1594 hic
919 1529 1010 1595 locus
1030 1528 1064 1599 V
1090 1534 1151 1593 178
1176 1531 1267 1612 Quod
1289 1551 1393 1598 mcccc

219 1640 343 1724 factum
370 1644 439 1704 aut
462 1644 491 1704 et
513 1638 624 1705 dotum
640 1659 703 1722 pro
727 1660 775 1721 eo,
806 1639 1046 1723 manupretium
1070 1634 1151 1713 (scil.
1177 1635 1389 1720 appellatur),

220 1742 276 1810 ubi
304 1741 394 1824 prius
427 1741 661 1824 enuntiatum„
679 1741 708 1807 si
737 1742 901 1809 rationem
925 1742 1167 1809 sententiarum
1191 1741 1388 1823 quaerimus,

222 1847 323 1915 alteri
339 1847 589 1916 subordinatum
605 1867 678 1915 esse
693 1849 875 1930 putandum
888 1853 950 1926 est,
968 1868 1040 1914 cnm
1052 1849 1135 1916 haec
1148 1848 1193 1915 sit
1206 1848 1390 1915 sententia:

222 1955 483 2038 „manupretium
505 1959 648 2024 uocatur
670 1954 704 2020 id
727 1957 814 2036 quod
837 1956 951 2023 datum
975 1961 1028 2022 est
1050 1975 1109 2039 pro
1133 1974 1171 2022 eo
1192 1954 1277 2036 quod
1293 1971 1392 2020 manu

219 2062 345 2130 iactum
377 2065 483 2128 erat‘.
522 2060 741 2147 Quamobrem
773 2063 861 2129 haud
884 2063 952 2129 scio
975 2081 1020 2128 an
1043 2081 1178 2129 causam
1202 2066 1391 2128 structurae

220 2168 327 2236 minus
370 2172 527 2234 accurate
566 2166 792 2235 conformatae
829 2169 1021 2252 praebuerit
1058 2169 1179 2252 duplex
1216 2185 1393 2251 pronomen

220 2278 332 2362 quod,
361 2274 447 2355 quod
472 2292 545 2341 cum
567 2273 602 2340 in
625 2273 799 2341 enuntiato
821 2275 952 2360 integro
969 2294 1043 2342 esse
1060 2274 1220 2358 debuerit,
1244 2273 1279 2340 in
1294 2290 1393 2341 unum

220 2381 317 2462 quasi
340 2379 505 2447 confluxit.

308 2523 342 2594 V
367 2529 429 2587 118
454 2522 571 2590 similis
594 2522 808 2609 neglegentia
831 2523 866 2589 in
890 2524 1062 2592 enuntiato
1086 2524 1229 2593 relativo
1252 2521 1334 2590 item
1352 2541 1393 2590 ea

221 2649 257 2697 re
288 2627 409 2696 effecta
432 2635 485 2696 est
508 2630 593 2712 quod
617 2631 727 2701 Varro
751 2636 786 2696 et
810 2629 986 2697 enuntiata
1009 2631 1155 2700 relativa
1177 2630 1291 2698 multis
1316 2629 1392 2697 aliis

223 2735 401 2803 structuris
429 2736 580 2817 praefert
607 2741 644 2802 et
671 2736 857 2803 sententias
889 2737 999 2818 potius
1023 2737 1174 2822 adiungit
1198 2756 1295 2818 quam
1319 2737 1393 2804 sub-

220 2842 347 2926 iungit:
378 2843 493 2911 italio
516 2866 536 2911 u
559 2845 773 2912 similitudine
795 2852 901 2930 truce,
927 2868 1008 2931 quoe
1030 2848 1114 2931 quod
1135 2868 1255 2932 mupau
1275 2853 1304 2912 et
1319 2846 1394 2912 boec

221 2951 356 3034 pusilla,
381 2957 418 3018 ut
440 2951 555 3035 treola,
579 2953 665 3019 lianc
680 2952 795 3020 Graeci
818 2953 951 3020 troilon.
990 2951 1065 3018 Hoc
1085 2969 1158 3017 cum
1173 2951 1244 3016 loco
1261 2954 1395 3032 praeter

222 3056 242 3122 I
267 3062 317 3139 5‚1
349 3081 421 3125 cum
444 3059 508 3144 lopo
532 3059 628 3126 libros
656 3059 867 3145 Theopbmsti
889 3060 1065 3139 complores
1087 3061 1144 3145 qui
1165 3061 1393 3128 inscribuntur

220 3169 335 3240 φυτῶν
365 3166 500 3243 ἱστορίας
523 3168 558 3230 et
582 3163 680 3230 alteri
703 3171 845 3241 φυτικῶν
867 3168 978 3227 αἰτίων
1001 3164 1103 3230 etiam
1125 3163 1179 3230 hic
1204 3169 1283 3246 apte
1306 3181 1391 3228 com·

221 3268 413 3351 parabitur:
438 3269 497 3334 III
523 3274 596 3345 17,3
612 3290 692 3350 poue
707 3273 963 3351 contremiscitis
979 3322 985 3338 .
1005 3323 1011 3338 .
1031 3323 1037 3338 .
1056 3279 1137 3340 recte
1152 3274 1273 3340 dicitur
1288 3271 1392 3338 dulcis

220 3385 250 3445 et
271 3378 330 3445 tuta
352 3399 475 3444 umora.

311 3605 333 3674 ¹)
358 3621 443 3659 curae
460 3603 550 3674 Lipsii
569 3603 755 3661 coniecturam
772 3609 885 3675 praeter
902 3604 1111 3662 Thielmannum
1129 3605 1243 3676 (wolffl.
1264 3605 1344 3661 Arch.
1363 3604 1394 3659 II

220 3693 265 3763 65)
290 3694 463 3749 commendat
488 3693 589 3748 Sitzlar
624 3694 640 3747 I
662 3710 688 3763 p.
715 3697 749 3750 12
771 3700 827 3750 not.
854 3695 902 3749 cir.
925 3693 1009 3750 etiam
1027 3695 1071 3750 Fr.
1091 3694 1169 3764 Burg
1186 3693 1230 3750 ‘de
1249 3695 1285 3748 Μ.
1306 3692 1393 3748 Caelii

219 3781 284 3836 Rufi
306 3797 408 3852 genera
440 3781 502 3838 dic’
528 3799 592 3853 pag.
621 3785 664 3839 21.
688 3812 722 3824 -
746 3783 811 3838 Cod.
831 3783 995 3852 scripturam
1025 3798 1095 3851 qnae
1126 3788 1170 3839 est
1197 3799 1299 3837 curare
1329 3797 1393 3837 num

220 3874 297 3926 recte
316 3869 448 3925 defendat
465 3869 573 3926 Kailios
591 3869 696 3926 dubito.

311 3958 336 4027 ¹)
355 3957 387 4012 Si
406 3973 474 4027 opus
493 3963 569 4014 osset
592 3959 755 4026 mutatione,
781 3972 832 4028 ego
857 3973 951 4014 vocem
976 3974 1046 4013 cum
1068 3964 1133 4029 post
1155 3975 1181 4015 v.
1203 3959 1393 4030 fructuosum

221 4051 273 4104 ant
285 4046 367 4117 plano
380 4046 467 4102 doleri
478 4046 601 4102 iuberem
614 4052 664 4102 out
677 4046 821 4117 transponi
833 4051 898 4102 ante
916 4063 943 4102 v.
956 4063 1047 4117 repes,
1065 4046 1107 4102 ito
1126 4047 1183 4103 scil.
1196 4053 1229 4102 ut
1241 4061 1390 4117 pronomen

220 4134 369 4191 relativum
393 4135 521 4192 similiter
544 4137 719 4207 exciperetur
740 4135 879 4206 particula
897 4150 957 4189 cum
975 4142 1059 4203 atque
1077 4135 1105 4189 11
1122 4138 1185 4204 4,12
1203 4136 1260 4190 scio
1278 4151 1321 4189 me
1339 4136 1394 4189 isse

221 4229 370 4296 spectatum
394 4241 470 4279 suem
496 4242 580 4296 quae
600 4265 606 4280 .
626 4267 632 4282 .
651 4241 707 4280 non
730 4224 809 4280 modo
832 4240 948 4294 surpere
973 4241 1028 4278 oon
1047 4230 1157 4296 posset.
1185 4224 1236 4280 sed
1257 4224 1338 4279 etiam
1362 4227 1396 4276 ut

220 4313 250 4367 in
273 4314 348 4369 eius
372 4329 490 4384 corpore
513 4330 601 4370 sorex
625 4353 632 4368 .
656 4354 663 4369 .
687 4313 781 4370 aidum
801 4313 917 4385 fedaret
940 4312 1077 4381 excipitur
1100 4312 1239 4383 porticula
1264 4322 1309 4376 un
1340 4310 1395 4367 nisi

221 4401 296 4458 forte
314 4406 380 4458 tuno
400 4403 490 4473 magis
508 4403 630 4472 placebit
647 4403 717 4459 haec
734 4403 808 4458 inter
827 4417 857 4457 sa
876 4401 1041 4472 coniungere
1066 4403 1195 4473 quoniam
1219 4400 1307 4456 emisti
1327 4400 1394 4471 fun·

223 4490 287 4548 dum
304 4507 399 4563 meque
420 4508 480 4546 cum
499 4508 589 4562 ropac.
626 4491 680 4548 Sed
697 4491 766 4548 hoec
784 4490 865 4546 nimis
883 4490 974 4547 dubio.
