3184 5034
701 231 922 289 ...63-

220 403 387 488 scriptura
411 404 446 471 in
470 403 602 470 dubium
626 406 749 471 vocata
773 405 848 469 erat
872 403 915 468 ab
938 401 1186 483 interpretibus.
1234 400 1394 469 Similiter

221 511 360 594 scripsit
383 512 493 582 Varro
517 509 570 577 VI
600 517 639 573 55
669 511 717 579 Aa
746 514 851 579 eodem
875 563 881 577 .
901 563 933 578 ..
958 511 1105 580 Fallacia
1128 534 1209 596 auae
1225 518 1395 596 propterca

222 623 306 704 quocl
335 622 438 706 faudo
461 641 553 704 quoae
575 620 690 704 decipit
713 641 751 686 ac
774 626 887 686 cautca
909 640 1006 703 auam
1028 619 1112 686 oliait
1133 615 1252 704 facitll.

312 725 473 792 Oratores
506 723 647 805 simplici
678 724 778 792 verbo
809 726 918 804 iuquit
944 723 995 789 uti
1021 722 1057 788 in
1080 721 1255 789 afferendis
1279 721 1393 790 adver-

219 831 318 915 sarii,
343 850 437 912 quem
466 831 530 913 ipsi
547 831 610 898 sibi
637 830 782 915 fingunt,
807 829 918 899 verbis
948 829 999 916 (eo
1023 828 1174 895 nimirum
1198 827 1333 896 consilio
1356 833 1394 896 ut

222 938 425 1006 sententiam
449 937 513 1002 sibi
536 937 721 1020 oppositam
744 935 916 1021 refellant)
933 954 974 1001 ex
990 933 1159 1001 Ciceronis
1175 935 1269 1000 libris
1291 935 1394 1017 philo-

221 1043 366 1126 sophicis
401 1048 514 1109 notum
550 1050 618 1126 est;
654 1043 714 1109 cfr.
748 1043 890 1109 Kiihner
918 1062 950 1124 p.
983 1048 1012 1106 4.
1060 1041 1116 1109 Sic
1150 1041 1252 1108 etiam
1286 1042 1394 1111 Varro

217 1151 277 1216 IX
311 1156 370 1215 48:
405 1149 494 1235 Gaui,
526 1153 648 1234 iuquit,
685 1152 836 1220 utilitatis
867 1173 965 1218 caasa
994 1151 1179 1218 introducta
1208 1151 1251 1217 sit
1282 1152 1393 1234 acatia,

220 1260 420 1339 sequeuduuc
443 1261 507 1322 etc.
532 1255 570 1324 Ο.
594 1256 715 1322 Miller
738 1256 889 1322 ediderat
912 1258 1080 1342 iuquiuut.

314 1363 483 1448 Singulari
509 1363 639 1430 ratione
668 1364 762 1429 deest
792 1362 975 1429 subiectum
997 1361 1036 1427 H
1057 1367 1147 1439 t,16:
1171 1362 1286 1447 Itaque
1308 1367 1395 1449 apud

221 1475 385 1541 Plautuuc
404 1475 443 1541 iu
459 1473 699 1556 Mcuaaclimh,
720 1495 793 1538 curu
812 1473 969 1539 iusauuca
989 1493 1080 1555 quara
1094 1477 1200 1554 putat,
1221 1477 1259 1537 ut
1274 1472 1393 1556 pietur,

220 1583 259 1648 iu
283 1583 395 1665 oppido
410 1581 595 1664 Epulaaouo
618 1581 815 1664 iuterropat:
836 1573 965 1661 ‘quauti
986 1579 1038 1645 hic
1048 1578 1141 1662 porci
1156 1584 1234 1644 suut
1248 1575 1392 1645 sacrcsi'

314 1683 519 1770 Quibusdam
542 1684 623 1750 locis
647 1683 742 1751 verbi
756 1682 843 1749 finiti
859 1681 1037 1766 singularis
1060 1681 1250 1748 referendus
1274 1688 1328 1750 est
1351 1683 1395 1749 ad

221 1790 345 1858 animal
378 1809 420 1856 ne
448 1791 482 1856 id
510 1791 639 1872 quidem
669 1808 824 1872 expresso
853 1789 1013 1856 vocabulo
1042 1793 1144 1855 antea
1167 1794 1392 1855 memoratum.

223 1897 279 1967 Sic
302 1898 341 1964 H
367 1904 451 1980 1‚23,
476 1902 651 1980 postquam
675 1897 751 1964 inde
775 1916 795 1963 a
819 1901 893 1978 §21
920 1895 1126 1964 enumeravit
1149 1895 1266 1977 quibus
1289 1896 1394 1980 signis

222 2005 351 2087 pecoris
379 2004 484 2071 morbi
513 2003 666 2088 cognosci
693 2003 835 2086 possint,
864 2003 913 2070 sic
940 2003 1051 2086 pergit
1083 2002 1235 2084 scriptor:
1269 2006 1393 2073 curatio

221 2121 329 2180 auteur
353 2163 359 2176 .
386 2164 394 2179 .
418 2115 510 2180 hacc:
542 2114 775 2198 perfunditur
802 2134 888 2196 aqua
915 2119 944 2179 et
966 2113 1188 2198 paaupuitac
1211 2112 1275 2178 oleo
1299 2159 1307 2175 .
1333 2156 1340 2170 ·
1365 2118 1394 2178 et

220 2221 295 2286 iteca
319 2221 383 2286 cibo
407 2221 588 2287 sustinetur
605 2254 641 2266 -
662 2217 731 2282 scil.
756 2235 796 2282 ea
819 2235 919 2299 pecus
943 2235 1027 2298 quae
1050 2216 1160 2282 morbo
1184 2215 1306 2282 affecta
1329 2220 1392 2282 est.

310 2324 368 2390 III
403 2330 473 2399 15‚1
507 2327 691 2392 attractam
720 2377 727 2391 .
757 2377 765 2391 .
794 2326 947 2392 dissimili
976 2327 1103 2392 catioue
1129 2327 1278 2409 liabetur,
1311 2326 1394 2410 quod

221 2453 290 2500 aaa
324 2455 410 2516 aqua
444 2435 498 2498 sal
531 2434 671 2501 acacecia
702 2434 788 2498 locus
818 2433 978 2517 saepitur]¹
1013 2439 1078 2499 tota
1109 2433 1170 2499 leci
1202 2433 1305 2516 lapide
1335 2438 1393 2498 aut

220 2541 348 2606 tectorio
371 2541 570 2636 iutriusccas
592 2541 806 2622 incrustatur,
836 2561 878 2607 uc
905 2561 944 2606 ea
972 2561 1009 2606 ea
1032 2561 1154 2623 erepere
1175 2541 1298 2623 possit
1321 2535 1390 2602 scil.

216 2646 279 2730 plis
309 2645 393 2725 quod
425 2644 621 2710 vocabulum
651 2643 909 2710 subaudiendum
941 2662 983 2709 ex
1005 2661 1035 2710 v.
1060 2645 1252 2731 plicariuuu
1281 2642 1392 2724 paullo

219 2749 307 2816 infra
330 2750 456 2834 legitur
479 2755 565 2822 uude
584 2755 690 2820 saturi
708 2753 799 2837 fiaut
821 2750 890 2816 scil.
912 2753 1019 2838 plicas.

309 2857 368 2923 HI
391 2860 444 2939 4,3
468 2859 524 2926 Ea
546 2861 591 2927 iis
615 2857 700 2943 (soil.
730 2856 855 2923 duobus
884 2856 1068 2923 ornithonis
1091 2856 1281 2942 generibus)
1305 2859 1393 2926 tertii

219 2967 349 3051 acuaris
378 2966 479 3032 coluit
506 2989 570 3033 esse
592 2965 752 3033 Lucullus
780 2967 989 3033 coaiaactaru
1017 2966 1188 3049 auiariuca,
1213 2966 1297 3050 quod
1317 2967 1393 3051 fecit

221 3073 259 3138 iu
295 3071 495 3156 Tusculano,
528 3080 564 3140 ut
592 3074 630 3140 iu
658 3074 762 3139 eodem
785 3079 862 3139 tecto
890 3073 1074 3139 ocuitlcouis
1101 3073 1265 3139 inclusam
1291 3073 1392 3139 tricli-

219 3179 315 3245 uiuca
338 3179 472 3263 haberet,
501 3181 555 3246 abi
578 3179 709 3246 delicate
735 3180 889 3246 ccultaret
912 3186 941 3246 et
967 3179 1066 3246 alios
1087 3180 1206 3245 caderet
1228 3181 1268 3247 iu
1289 3201 1391 3245 raaso-

219 3307 313 3353 uocuo
331 3287 453 3370 positos
477 3293 584 3358 coctos,
610 3287 691 3353 alios
713 3287 845 3353 uolitare
869 3287 990 3353 ciccum
1009 3288 1167 3372 seuestcas
1191 3293 1304 3370 captos.
1335 3281 1393 3349 Ad

219 3407 249 3457 v.
275 3392 376 3458 alios
399 3390 612 3472 supplendum
637 3391 806 3457 turdorum
822 3409 939 3456 nomeu
956 3389 1011 3471 qui
1027 3391 1271 3456 commemorati
1294 3396 1391 3457 eraut

218 3495 275 3561 ubi
297 3498 401 3564 verba
424 3496 551 3562 fiebant
580 3497 621 3562 de
650 3497 791 3562 secundo
823 3496 1007 3564 ornithonis
1034 3515 1168 3580 genere,
1193 3497 1334 3563 nondum
1357 3497 1390 3562 in

218 3620 259 3668 ea
282 3606 378 3684 parte
403 3621 487 3684 quae
511 3603 551 3669 de
575 3602 678 3670 tertio
701 3621 822 3686 genere
845 3607 908 3669 est.

210 3733 213 3737 Δ
305 3709 458 3791 Denique
488 3729 530 3776 ex
560 3728 641 3778 voce
669 3729 699 3791 q.
725 3729 752 3776 e.
784 3713 983 3779 aoaiacuta
1012 3709 1221 3794 intelligendi
1251 3716 1330 3778 sunt
1360 3711 1392 3778 ei

220 3814 368 3882 homiues
400 3816 516 3898 quibus
549 3816 685 3883 mortuis
713 3816 773 3882 illa
800 3821 1011 3882 monumenta
1039 3821 1213 3883 exstructa
1237 3821 1315 3884 suut
1339 3819 1392 3888 VI

219 3928 277 3986 49:
302 3926 349 3990 sic
373 3920 457 4006 (scil.
484 3922 684 3989 amemoria
713 3922 804 3988 dicta
835 3920 928 4007 sunt)
953 3924 1157 3993 Mouiuceata
1180 3944 1262 4005 puae
1284 3929 1323 3995 iu
1345 3949 1390 3994 se-

210 4031 347 4116 pulcris,
373 4037 403 4098 et
425 4032 494 4098 idco
517 4033 693 4100 secuudum
709 4032 794 4097 aiaca
815 4050 876 4110 quo
886 4032 1124 4116 praetereuntis
1147 4033 1339 4101 admoueant
1362 4041 1391 4100 et

215 4159 253 4203 se
275 4139 378 4224 faisse
402 4145 431 4205 et
453 4139 525 4206 illos
549 4161 613 4206 csse
636 4138 790 4206 mortalis.

213 4244 427 4252 -ηῌ

290 4295 314 4364 ¹)
333 4293 410 4348 Haeo
424 4293 548 4363 exempla
561 4293 652 4349 omnia
664 4294 786 4349 eiusdem
799 4292 862 4348 libri
872 4309 942 4363 osse,
953 4310 987 4350 ex
999 4294 1100 4351 ceteris
1112 4294 1190 4349 libris
1202 4293 1279 4349 nulla
1292 4309 1389 4364 suppe-

219 4386 293 4451 tere,
317 4397 370 4437 non
396 4381 495 4438 mirum
518 4382 671 4451 videbitur,
696 4383 766 4438 siin
784 4382 942 4438 memoriam
966 4383 1018 4438 tibi
1041 4382 1215 4439 revocaveris
1239 4383 1338 4438 disseri
1356 4399 1389 4440 eo

216 4469 287 4525 libro
308 4471 358 4541 „dc
377 4471 516 4528 vocabulis
535 4477 686 4544 temporam
705 4476 731 4526 el
748 4487 844 4526 aarum
862 4486 956 4526 rerum
975 4487 1045 4542 qaae
1063 4471 1092 4526 iu
1112 4471 1217 4543 aaeudo
1233 4473 1329 4542 fiunt.“
