3184 5034
683 267 904 326 ..30-

207 439 364 507 infinitivi
388 479 430 490 -
455 458 592 523 quacum
618 440 676 506 cfr.
692 439 727 505 id
743 439 827 521 qnod
851 439 1043 522 saepissime
1067 439 1188 506 dicitur
1210 439 1244 506 in
1265 439 1380 525 lingua

207 547 446 631 francogallica
472 546 586 630 „venir
611 546 701 615 voir“
727 584 771 594 -
794 546 881 629 apud
904 565 959 613 eos
983 565 1105 613 aureae
1128 546 1255 614 aetatis
1278 547 1379 631 scrip·

208 653 329 737 cores1)
365 654 420 735 qni
458 653 607 736 pedestri
642 672 790 721 sermone
820 652 872 720 usi
902 652 970 720 siut
1007 653 1176 720 rarissime
1209 652 1380 738 inueniri&

208 760 304 826 docet
338 761 471 844 Dr'ager
502 761 542 827 H
571 781 601 843 p,
635 762 728 826 351b
762 778 860 826 unum
894 763 1026 826 tantum
1064 760 1170 827 locum
1209 759 1379 843 proterens

207 885 344 948 eumque
366 867 447 933 item
470 867 505 933 in
527 866 688 938 Varronis
712 866 806 932 libris
830 869 1022 932 exstantem
1044 869 1083 936 a'u
1105 870 1157 935 hie
1185 869 1377 954 replenitur,

206 978 245 1045 a'u
268 977 382 1058 quitus
404 976 561 1043 stabulari
584 977 686 1043 soleat
709 997 806 1059 equas
828 972 1120 1061 adipereIIlo,11
1148 973 1226 1057 (non
1249 971 1269 1060 ξ
1290 981 1316 1056 1,
1341 978 1378 1040 ut

206 1079 332 1164 legitur
348 1079 435 1162 apud
450 1081 509 1146 Dr.
528 1083 573 1162 et,
597 1079 653 1160 qui
674 1098 747 1147 eum
767 1083 901 1146 secutus
922 1082 985 1160 est,
1009 1076 1202 1144 Kithnerum
1218 1099 1248 1161 p.
1269 1083 1378 1163 tora).

209 1186 366 1253 Ceterum
390 1185 476 1266 quod
498 1185 579 1252 Keil
608 1204 645 1251 eo
674 1185 746 1251 loco
777 1204 835 1268 pro
866 1184 954 1252 infin.
979 1187 1135 1254 detulere
1164 1184 1198 1250 in
1227 1185 1276 1251 ed.
1301 1186 1377 1252 min.

208 1293 345 1374 scripsit
367 1296 406 1362 a'u
429 1295 561 1375 stabula,
594 1291 674 1357 mihi
700 1310 892 1374 persuasum
920 1295 974 1358 est
1004 1295 1205 1358 structuram
1229 1292 1378 1373 quamvis

206 1399 364 1465 rariorem
381 1398 525 1470 Varroni
545 1417 618 1465 esse
638 1397 880 1467 vindicandam.
905 1397 1032 1464 Oontra
1052 1417 1094 1464 ex
1116 1398 1227 1466 verbis
1243 1417 1376 1479 quorum

207 1505 324 1572 similis
342 1508 396 1572 est
410 1504 513 1580 notio,
537 1504 640 1571 etiam
657 1504 744 1586 apud
759 1506 942 1576 Varronem
959 1505 1062 1570 multo
1079 1504 1211 1587 saepius
1228 1505 1377 1587 supinum

205 1612 349 1695 pendere
373 1611 471 1696 (quae
495 1613 548 1677 est
564 1610 758 1694 optimorum
782 1610 980 1693 scriptorum
1003 1608 1217 1696 consuetudo)
1248 1610 1377 1678 demon-

206 1722 336 1786 stratur
358 1717 439 1784 locis
467 1717 533 1784 his:

294 1826 333 1892 II
357 1829 430 1907 2,10
456 1833 574 1894 eaeuut
591 1833 741 1911 pastura·
763 1824 806 1890 ib.
827 1833 940 1912 potum
956 1826 1160 1911 propelluut;
1183 1826 1202 1907 ξ
1221 1830 1260 1889 12
1285 1848 1376 1914 apere

202 1942 335 2020 potum·
356 1933 396 1998 H
420 1937 472 2015 4,6
492 1939 625 2019 pastum
648 1935 799 2020 erepant·
828 1933 848 2014 ξ
875 1937 913 1995 19
938 1955 1007 2002 uou
1024 1935 1211 2019 produeuut
1235 1941 1376 2019 praeter·

208 2064 304 2126 quara
323 2047 455 2126 potura·
478 2039 530 2108 VI
553 2043 593 2101 41
619 2042 730 2126 rapitur
746 2063 846 2124 pecus
862 2048 995 2125 pastura
1018 2043 1082 2105 etc.

296 2143 457 2211 Similiter
491 2147 680 2214 adducere
714 2163 787 2211 cum
820 2144 983 2212 infinitivo
1018 2144 1228 2229 coniungitur
1249 2145 1298 2228 H,
1325 2151 1374 2230 7‚9

206 2277 306 2339 epuras
327 2261 461 2321 matrem
483 2254 582 2321 ealdre
605 2276 678 2320 euru
699 2255 818 2321 adduci
839 2275 908 2323 uou
928 2262 1048 2339 posset3
1074 2251 1190 2319 eadem
1206 2255 1376 2319 structura

205 2377 284 2426 usus
301 2362 354 2426 est
362 2356 524 2425 Afranius
537 2356 647 2442 (frgm.
659 2364 721 2422 290
739 2362 880 2428 adducor
894 2363 981 2446 serre
995 2362 1141 2429 huruuua
1155 2361 1376 2440 eumenidum

206 2466 288 2533 item
317 2464 451 2532 Hirtius
474 2465 514 2531 Β.
540 2463 582 2534 (l.
607 2465 709 2540 VIII,
737 2471 819 2541 19‚8.
856 2465 923 2533 Sed
953 2466 1100 2534 omnibus
1128 2466 1179 2534 his
1211 2458 1292 2532 locis
1320 2466 1376 2532 ad-

207 2572 347 2640 ducendi
370 2573 505 2639 verbnm
529 2571 661 2653 passive
684 2570 827 2654 positum
851 2576 913 2639 est.

293 2695 391 2763 Addo
412 2699 648 2766 coucedeuda'
662 2697 798 2764 verbum
817 2697 837 2764 I
856 2702 906 2778 17,
910 2704 928 2760 5
945 2720 1047 2783 aeque
1062 2699 1129 2765 ille's
1145 2699 1376 2766 coucedeuduru

150 2839 155 2848 =
204 2808 254 2873 tta
285 2807 445 2890 imperare
474 2811 541 2870 ut.
560 2801 694 2882 mquod
727 2803 895 2870 rarissime
927 2822 999 2869 cum
1029 2802 1192 2872 infinitivo
1224 2803 1377 2938 conlungi

205 2910 292 2993 apud
316 2909 508 2977 Ciceronem
532 2850 629 2975 docet
652 2909 793 2976 Kuhner
814 2929 846 2992 p
872 2915 979 2993 809,.3

292 3037 477 3104 Facerec.
494 3031 563 3112 int,
581 3033 702 3101 cuiuss
704 3037 876 3101 tracturae
893 3033 1051 3118 originem
1064 3032 1209 3114 explicat
1194 3031 1375 3100 tSchmalz

205 3140 261 3224 sy.
286 3139 306 3228 ξ
331 3147 405 3221 224,
436 3140 562 3224 legitur
593 3141 680 3223 apud
703 3134 888 3212 Varronem
918 3141 976 3206 111
1006 3146 1057 3222 5,3
1090 3164 1202 3209 earum
1232 3149 1375 3226 aspectus

204 3273 242 3318 ac
264 3250 458 3317 aeuurtam
480 3272 670 3317 marcescere
693 3251 773 3335 facit
790 3245 973 3332 uolueres⁸).
999 3246 1097 3312 Hunc
1117 3246 1212 3315 verbi
1231 3245 1375 3313 faciendi

204 3371 298 3420 usum
329 3351 416 3435 apud
446 3351 603 3434 optimum
634 3371 792 3434 quemque
824 3356 993 3421 auctorem
1028 3353 1098 3420 iere
1132 3354 1231 3434 plane
1259 3353 1374 3421 deesse

205 3460 301 3527 docet
316 3460 458 3526 Kiihner
478 3479 508 3542 p.
528 3465 630 3542 511e3
656 3463 768 3526 tamen
790 3459 826 3526 in
849 3459 1015 3527 cotidiano
1039 3478 1187 3527 sermone
1209 3454 1388 3527 inferioris

202 3566 408 3649 potissimum
429 3565 558 3633 aetatis
589 3585 654 3632 non
685 3566 735 3633 ita
764 3566 917 3651 angustis
940 3566 1102 3633 liuitibus
1134 3585 1207 3631 eum
1238 3566 1374 3632 circum-

203 3673 362 3753 scriptum
397 3672 500 3739 fuisse
531 3673 619 3738 haud
651 3671 720 3738 scio
750 3692 794 3739 an
824 3673 878 3740 vel
908 3673 984 3740 inde
1016 3679 1189 3755 appareat,
1225 3672 1310 3753 quod
1339 3671 1374 3737 in

298 3972 321 4042 1)
340 3969 429 4026 Locos
447 3970 543 4026 Plauti
562 3975 591 4027 et
609 3969 734 4026 Terentii
751 3970 815 4026 vide
834 3972 907 4040 apud
924 3971 1039 4027 Iaorena.
1058 3971 1094 4026 ad
1112 3971 1204 4026 Plaut.
1228 3969 1311 4025 Most.
1330 3973 1373 4026 67.

294 4059 318 4130 ¹)
337 4059 398 4115 Non
416 4065 493 4115 recte
513 4059 638 4115 schmalc
657 4061 672 4127 ξ
691 4060 757 4114 218:
777 4059 827 4128 „In
844 4059 932 4115 Proca
954 4059 1030 4114 lesen
1049 4057 1101 4114 wir
1124 4058 1171 4113 ihn
1190 4088 1224 4100 -
1243 4059 1301 4115 scil.
1321 4059 1373 4114 den

204 4148 305 4204 finalen
324 4148 449 4204 Infinitiv
462 4179 496 4190 -
509 4163 561 4204 nur
579 4147 624 4203 bei
636 4147 701 4203 Piso
720 4149 836 4219 (uenisse
854 4148 962 4218 uisere),
982 4149 1055 4202 daun
1074 4153 1133 4204 eret
1151 4147 1180 4203 iu
1198 4148 1251 4204 den
1269 4146 1374 4204 Fabeln

202 4239 338 4309 Hygius.“

293 4327 315 4399 ³)
334 4325 468 4382 Similiter
485 4325 600 4383 verbum
618 4326 792 4382 causativum
810 4324 1046 4382 ancumsaribitur
1062 4325 1131 4394 115,
1151 4326 1184 4380 15
1197 4329 1267 4381 extr.
1282 4324 1374 4396 (alaor

203 4416 273 4470 euim
292 4432 341 4470 ear
359 4420 386 4469 et
400 4416 493 4487 famer
511 4431 682 4471 marcescere
701 4417 805 4487 eopr't)
824 4420 853 4471 ct
871 4415 901 4470 Π
918 4416 944 4481 u,
964 4417 980 4468 7
1003 4415 1070 4479 (nou
1092 4414 1164 4468 eur'm
1187 4411 1275 4468 solum
1299 4412 1372 4484 uliae

203 4503 296 4560 leuem
315 4505 468 4574 corrumpet
484 4505 582 4570 coium,
602 4503 653 4558 sed
670 4504 750 4558 etiam
768 4503 896 4574 uuqules,
916 4519 949 4558 ac
967 4503 1083 4558 scedras
1098 4503 1164 4572 fieri
1181 4503 1288 4574 cepit).
