3184 5034
696 174 917 232 ..22-

217 407 286 454 non
308 386 412 452 solnm
434 385 477 451 od
499 385 644 451 consndes
666 391 696 450 et
718 404 862 451 censores
884 383 938 450 sed
954 383 1048 449 atione
1064 390 1262 466 quaestores·
1285 381 1337 451 VI
1354 387 1393 444 97

217 493 255 558 de
277 492 421 558 oratione
443 491 548 558 solnta
570 491 633 556 dno
662 524 706 535 -
734 487 805 554 soil.
830 488 932 555 libros
955 525 1013 572 -,
1038 491 1164 572 poetico
1186 512 1292 559 ennea
1314 491 1394 570 eto.;

219 594 279 662 cfr.
302 595 394 662 Keil.
419 594 463 660 ad
485 595 524 660 H
550 599 583 678 1,
610 600 661 660 22.

309 717 514 785 Praesertim
536 720 613 800 post
637 718 711 786 adv.
740 721 843 794 itere,
873 735 935 798 quo
958 716 1147 800 plerumque
1171 720 1262 783 certe
1285 716 1396 799 paullo

219 823 328 892 laxius
357 824 632 891 antecedentibus
661 823 751 891 aliud
783 825 962 890 membrum
993 823 1200 907 adiungitur,
1232 841 1297 890 non
1319 823 1396 906 poni

218 931 305 998 solet
329 929 548 1014 praepositio,
573 929 632 997 cfr.

306 1054 366 1122 ΠΙ
398 1060 416 1117 9
423 1106 431 1140 ,
467 1060 505 1120 17
540 1079 612 1123 enni
638 1057 788 1139 psittacis
819 1078 857 1124 eo
886 1055 1020 1123 noemiis
1042 1056 1137 1140 aldis,
1166 1057 1241 1124 itone
1264 1057 1340 1123 odiis
1363 1057 1398 1122 id

216 1186 321 1250 penus
343 1165 437 1232 redes
458 1163 629 1232 inusitatis
633 1184 646 1245 ,·

306 1287 366 1353 ΠΙ
391 1291 440 1369 10,
466 1291 486 1348 4
504 1288 692 1373 producent
713 1288 752 1354 in
772 1293 879 1370 noto,
903 1287 978 1353 itera
996 1287 1144 1366 piscinas
1167 1287 1397 1370 dealbandas·

308 1410 367 1476 IX
391 1414 431 1474 47
457 1433 516 1478 one
537 1411 687 1479 molinons
709 1411 821 1478 dobere
845 1412 937 1478 lectos
959 1411 1040 1478 otios
1063 1433 1103 1477 eoo
1126 1411 1228 1491 ebore,
1252 1411 1334 1478 elios
1358 1434 1397 1478 eoo

219 1519 386 1602 testudine,
410 1519 458 1586 sio
479 1519 555 1585 item
574 1538 690 1604 penere
712 1518 820 1598 alnao
843 1519 926 1600 olio,·

311 1640 364 1712 Vi
389 1646 428 1705 78
454 1662 604 1722 monae
621 1643 715 1727 finnt
737 1643 825 1723 epod
844 1643 952 1727 fabros
970 1643 1109 1722 pictores
1124 1643 1199 1710 itone
1214 1643 1294 1710 aiios
1317 1643 1393 1725 alie,

150 1743 156 1754 ’
221 1747 280 1814 cir.
303 1746 422 1814 Reiter
443 1766 474 1830 p.
501 1752 542 1810 23
565 1766 588 1813 n
614 1753 642 1810 1.

310 1871 436 1938 Tamen
469 1889 511 1938 ne
547 1870 770 1955 elegantiores
806 1869 935 1951 quidem
970 1869 1149 1953 scriptores
1183 1869 1283 1953 plane
1321 1870 1397 1936 abs·

221 1975 361 2044 tinuisse
396 1995 417 2042 a
450 1976 514 2042 tali
546 1976 716 2046 brevitate
752 1976 963 2061 cognoscitur
999 1995 1040 2044 ex
1073 1976 1155 2043 locis
1186 1996 1207 2043 a
1237 1977 1397 2044 Kiihnero

220 2103 252 2166 p.
282 2089 345 2146 422
374 2084 396 2150 b
425 2083 607 2170 congestis3
642 2083 732 2150 inter
758 2101 840 2166 quos
863 2082 952 2150 baud
983 2083 1050 2150 scio
1084 2103 1127 2149 an
1156 2082 1224 2149 siut
1251 2082 1398 2150 nonnulli

222 2207 302 2270 quos
333 2188 478 2256 editores
513 2189 585 2258 sine
620 2208 722 2257 causa
758 2189 849 2256 iusta
886 2188 1104 2266 mutaverint,
1142 2189 1297 2271 quoniam
1333 2187 1398 2255 loci

221 2295 344 2377 prolati
367 2295 456 2363 haud
479 2295 576 2363 dubie
599 2315 635 2363 se
658 2300 796 2363 tuentur
819 2297 907 2363 alter
930 2296 1083 2363 alterum.

311 2437 495 2504 Praeterea
518 2455 596 2505 vero
619 2456 851 2519 nonnunquam
874 2436 930 2504 ubi
959 2436 1033 2520 plus
1065 2438 1127 2504 duo
1155 2437 1300 2503 membra
1323 2455 1398 2503 oon·

221 2545 418 2629 iunguntur,
451 2545 561 2615 Varro
598 2543 633 2610 in
666 2544 848 2626 repetenda
886 2543 1132 2627 praepositione
1166 2541 1299 2610 minime
1334 2542 1398 2611 sibi

223 2655 382 2717 constans
406 2653 469 2717 est.
515 2651 592 2718 Non
614 2650 762 2733 profecto
786 2650 859 2716 dico
882 2651 1067 2721 Varronem
1098 2649 1232 2718 variare
1254 2668 1320 2716 non
1342 2669 1398 2733 po·

223 2756 329 2823 tuisse
353 2776 381 2825 e.
405 2777 437 2841 g.
462 2757 501 2823 H
527 2763 558 2840 1,
587 2763 625 2822 16
659 2761 777 2826 alterne
802 2765 913 2839 pentes
935 2766 1087 2838 enednor
1116 2765 1209 2842 snnt,
1238 2781 1311 2825 enni
1332 2760 1399 2826 inni

223 2867 351 2949 emeris,
377 2865 602 2950 observandae,
626 2867 664 2933 de
685 2866 849 2950 pastione,
881 2867 919 2932 do
945 2867 1068 2951 fetura,
1092 2866 1129 2932 de
1151 2866 1333 2950 nntrnotn,
1361 2867 1399 2932 de

223 2973 362 3042 sanitate
384 2973 420 3035 et
442 2970 482 3036 H
505 2975 539 3051 2,
567 2975 583 3033 7
613 2972 651 3038 de
677 2971 788 3040 alteris
815 2978 967 3051 qnodnor
993 2973 1086 3039 redas
1114 2972 1261 3052 deinceps
1282 2974 1396 3055 dicon,
1423 2997 1429 3008 ·

223 3079 437 3163 depastione,
461 3081 579 3164 fetare,
604 3080 782 3161 nnteiootn,
806 3080 944 3146 sanitate
955 3075 993 3157 1);
1019 3076 1078 3142 sed
1099 3094 1126 3142 e.
1152 3095 1184 3160 g.
1217 3076 1275 3142 IH
1300 3083 1351 3158 12,
1378 3082 1395 3139 5

222 3186 262 3253 in
284 3184 393 3252 Gallie
419 3185 627 3269 transalpino
655 3190 683 3251 et
710 3185 903 3252 Macedonio
925 3185 1019 3268 finnt
1041 3185 1227 3270 nernopni,
1255 3185 1294 3253 in
1322 3185 1397 3252 His·

219 3291 327 3371 nenio
350 3295 378 3356 et
392 3292 432 3357 in
446 3290 549 3358 dein
563 3291 734 3357 medioeres
749 3287 806 3356 vix
821 3286 1033 3371 intelligitur,
1059 3306 1115 3354 cur
1130 3287 1165 3354 in
1181 3288 1232 3354 bis
1248 3288 1397 3355 binorum

223 3394 440 3460 membrorum
463 3393 572 3476 priore
595 3393 669 3477 pari
691 3393 970 3477 praepositionem
993 3412 1059 3460 uon
1074 3393 1280 3478 repetiverit,
1304 3413 1396 3477 repe-

223 3499 342 3569 tiverit
364 3499 399 3566 in
422 3501 544 3583 altero;
569 3504 686 3567 contra
708 3505 810 3582 atque
833 3499 872 3567 II
895 3507 922 3579 1,
942 3506 993 3577 22,
1017 3501 1073 3568 ubi
1089 3501 1226 3586 legitur:
1252 3505 1398 3571 lodoeont

219 3617 351 3695 propter
373 3616 480 3678 destos
502 3616 561 3678 ont
577 3616 710 3696 propter
737 3612 876 3697 friporo,
905 3632 964 3678 neo
986 3631 1056 3677 non
1079 3609 1174 3677 etiarn
1193 3616 1324 3695 propter
1346 3609 1397 3677 ni·

223 3717 326 3782 minna
350 3716 485 3784 laborem
507 3722 566 3786 ont
588 3722 701 3784 contro
721 3718 847 3785 nnllam
863 3717 1129 3800 exercitationem,
1153 3713 1218 3780 nisi
1233 3712 1320 3780 forte
1336 3713 1398 3778 boe

224 3819 296 3886 loco
309 3818 500 3890 adverbium
513 3830 626 3892 contro
636 3819 867 3904 interpositum
884 3839 986 3889 eausa
1001 3819 1250 3889 inconstantiae
1267 3817 1340 3886 tuit.
1353 3853 1398 3866 -

319 4137 341 4209 ²)
360 4136 457 4194 Priore
471 4139 543 4195 euim
555 4139 616 4195 loco
631 4154 693 4195 cum
704 4144 794 4195 totam
811 4140 957 4196 materiam
976 4140 1113 4209 disponat,
1131 4139 1161 4194 id
1178 4138 1247 4210 agit,
1266 4143 1299 4193 ut
1317 4152 1397 4206 quam

225 4223 400 4294 apertissime
426 4226 552 4298 singulae
576 4233 672 4298 partes
698 4228 901 4298 discernentem
928 4229 957 4284 in
982 4229 1070 4285 altero
1094 4229 1240 4285 emundato
1266 4230 1398 4295 quattuor

224 4313 288 4370 illas
312 4330 358 4371 ree
383 4315 507 4372 breuiter
531 4317 599 4387 (iam
622 4317 692 4373 euim
718 4315 908 4388 innotuerunt)
931 4317 960 4372 in
983 4323 1103 4374 mentem
1126 4321 1241 4374 revocat
1263 4320 1293 4372 et
1318 4313 1398 4383 quasi

225 4417 279 4457 nno
298 4403 416 4460 termino
435 4404 635 4474 complectitur.
