3184 5034
659 265 879 327 -14-

183 443 389 531 principiam
394 463 408 528 ;
430 442 496 530 qai,
522 443 606 529 qnod
628 447 698 512 erat
718 449 789 530 poet
811 463 952 528 marma,
967 440 1201 513 Postmoerimn
1221 443 1364 531 iliatam·

189 548 223 618 V
250 555 310 613 181
344 573 382 620 ea
404 553 460 631 (so.
492 545 645 631 pecnnia)
668 571 749 634 qnae
779 549 946 638 meipnata
973 555 1051 634 erat,
1075 548 1276 620 Attritntnm
1297 553 1362 621 olio

189 664 276 741 tnm;
297 655 370 726 VII
387 661 405 718 8
422 658 572 726 interris
594 657 1005 743 iiatmntemplnmloms.
1024 708 1031 724 .
1050 657 1211 743 .finitne,·
1232 657 1364 728 vnn

189 766 225 831 il
242 763 381 831 Patnlne
395 763 582 850 appellatae,
599 765 664 826 ete.
683 759 936 846 (Oontravlta
947 765 1031 828 extr.
1051 761 1364 831 ie-eeil.loene-

192 871 411 939 Graecostaeie
440 870 641 954 appellatae).
687 869 740 934 De
770 886 904 935 numero
934 871 970 934 et
1000 884 1121 951 genere
1152 866 1210 934 afr.
1241 868 1294 938 VI
1323 873 1362 932 28

189 985 227 1046 nt
249 999 353 1045 nome
383 997 494 1045 annas
515 975 683 1044 Kalendae
702 976 884 1045 Ianuariae
913 976 953 1044 alr
981 997 1063 1043 aava
1086 975 1149 1043 eale
1171 977 1362 1062 appellatae,

190 1105 295 1152 noane
327 1083 448 1152 meneie
470 1104 491 1150 a
514 1102 598 1150 nana
628 1083 710 1150 lana
732 1081 865 1166 Nonae·
887 1081 920 1151 V
944 1085 985 1142 90
1011 1081 1216 1167 praesidinm
1245 1083 1365 1152 eliaam

191 1190 248 1276 qni
271 1196 364 1258 entra
387 1194 493 1256 eastra
514 1189 737 1274 praesidebant
759 1191 798 1258 in
820 1190 886 1257 loeo
908 1187 1031 1273 aliano,
1060 1211 1122 1274 qao
1149 1190 1251 1258 tatior
1278 1191 1364 1276 rapio

191 1303 278 1364 esset.

281 1398 461 1468 Permultis
485 1404 597 1466 antem
618 1398 701 1467 loeis
724 1418 766 1467 ex
788 1417 877 1467 more
900 1398 1108 1471 Varroniano
1131 1400 1266 1470 verbnm
1289 1401 1363 1469 snb·

192 1507 385 1578 stantivnm·
403 1507 503 1589 plane
535 1505 710 1590 omittitur,
739 1507 832 1575 velut
855 1507 909 1578 VI
937 1512 977 1572 22
1002 1509 1086 1594 qnod
1112 1509 1142 1576 ie
1168 1510 1236 1578 lieo
1262 1510 1364 1595 feriae

193 1619 271 1701 eine,
303 1613 457 1681 similiter
487 1611 506 1698 ξ
541 1618 580 1702 19
612 1615 755 1700 qnolei
790 1617 866 1684 deae
895 1616 998 1701 feriae
1037 1609 1181 1699 pallieae'
1214 1606 1282 1684 ine
1316 1618 1363 1696 ie;

193 1731 209 1800 ς
237 1727 277 1786 23
301 1722 344 1788 13.
369 1725 463 1794 enine
484 1723 587 1807 feriae
604 1723 750 1806 palliano
773 1722 803 1788 ie
825 1723 893 1790 aliae
916 1720 958 1786 al.

740 1919 758 1995 ἕ
785 1921 813 1979 7.

283 2041 480 2108 Struetnrae
504 2034 583 2100 κατὰ
605 2035 730 2101 σύνεσιν
752 2055 859 2119 panea
884 2037 1033 2120 exempla
1054 2039 1159 2106 habeo
1184 2057 1269 2121 quae
1291 2059 1364 2123 pro·

192 2146 311 2214 ieram:
336 2144 355 2208 I
381 2149 437 2227 13,
470 2149 485 2206 1
512 2146 652 2231 (familia
678 2145 735 2213 nli
760 2152 904 2213 versetur
926 2147 1175 2231 pronilemlam,
1203 2149 1233 2216 ai
1259 2151 1367 2234 ferei

193 2276 284 2340 opere
306 2261 364 2322 ant
386 2253 508 2339 fripore
530 2259 589 2320 ant
604 2251 718 2335 ealore,
741 2253 796 2320 nbi
816 2253 1064 2322 commodissime
1076 2256 1202 2340 possint
1217 2277 1250 2323 se
1264 2257 1367 2341 ammte

193 2362 383 2445 reciperare)
400 2360 436 2422 et
448 2347 554 2426 VI'23
571 2358 784 2438 (Larentinae
800 2381 892 2443 onem
907 2359 991 2426 aliem
1002 2363 1134 2444 qnidam
1149 2363 1366 2445 imperitante

193 2467 387 2536 Larentalia
408 2465 580 2552 appellant,
603 2466 643 2550 ab
664 2465 751 2533 Aera
765 2465 926 2533 Larentia
947 2469 1149 2546 nominatae)
1165 2467 1221 2532 nbi
1237 2464 1366 2533 enunti-

195 2571 246 2638 ati
268 2555 405 2638 relativi
429 2569 557 2636 obieeto
580 2569 767 2651 praedicati
789 2589 894 2654 genus
918 2571 1033 2637 eadem
1057 2573 1187 2639 ratione
1203 2577 1367 2640 mutatum

195 2681 248 2744 eet
276 2681 377 2759 atque
404 2675 553 2744 subiecto
582 2676 670 2758 apud
698 2675 792 2743 ans.
838 2677 879 2743 B.
908 2675 946 2744 O.
974 2679 1014 2745 H
1045 2685 1083 2742 19
1113 2683 1198 2746 extr.
1224 2678 1367 2762 (Carmo-

193 2807 325 2869 nenses,
360 2807 442 2872 qnae
476 2791 521 2852 eet
555 2786 646 2871 lanae
674 2786 869 2871 firmissima
974 2787 1100 2870 einaim,
1230 2789 1369 2855 mhorteo

195 2891 306 2975 eieeit),
331 2887 372 2955 de
395 2906 458 2970 qno
481 2888 552 2954 loeo
575 2907 641 2955 non
662 2893 765 2974 reete,
789 2895 828 2956 nt
851 2889 918 2957 iam
942 2894 1092 2973 apparet,
1118 2891 1284 2975 DragerI
1303 2896 1366 2954 168

196 2994 386 3063 adnotavit:
412 2994 480 3078 „iet
502 2989 586 3072 ἅπαξ
608 2999 661 3076 ete.
691 2995 736 3061 im
758 2995 914 3063 Latein.“

284 3103 378 3168 Unus
406 3101 497 3168 loeus
530 3101 715 3168 landandus
743 3106 796 3169 eet
823 3105 1002 3186 propterea
1030 3102 1115 3183 quod
1141 3105 1277 3173 verbnm
1304 3122 1369 3171 non

195 3209 231 3276 in
254 3208 397 3275 eubieeti
418 3225 553 3274 numero
575 3207 719 3290 positum
749 3212 802 3275 eet
830 3208 889 3274 eed
917 3208 987 3274 eius
1015 3208 1154 3276 nominis
1184 3210 1270 3291 qnod
1299 3228 1371 3276 enm

196 3316 268 3397 ipeo
298 3314 451 3408 neubieeto
487 3319 699 3396 eomparatur
728 3313 897 3400 (Sehmalz
924 3317 944 3395 ξ
975 3314 1064 3397 11b)=
1102 3315 1134 3385 V
1168 3320 1230 3379 123
1260 3319 1372 3385 sinam

196 3425 350 3491 maiorem
373 3423 569 3490 montionem
593 3444 689 3507 qnam
703 3423 822 3509 poenla
836 3423 991 3491 trabebant
1006 3417 1148 3508 [iniebat
1163 3420 1202 3486 L.
1217 3420 1370 3505 Spengel,

197 3527 269 3596 sine
303 3522 430 3614 eausa}
489 3525 651 3593 Similiter
684 3525 764 3593 Sall.
799 3525 874 3594 Oai.
904 3531 978 3609 25,3
1012 3523 1057 3611 (ei
1091 3531 1219 3597 cariora
1252 3551 1373 3613 semper

198 3638 309 3704 omnia
335 3657 432 3720 qnam
454 3635 548 3702 deone
571 3641 665 3717 atqne
686 3635 845 3720 parlieitia
867 3635 956 3720 fnit),
980 3632 1055 3716 Iug.
1081 3639 1122 3696 50
1147 3638 1210 3700 eto.

285 3739 437 3820 Denique
461 3738 611 3805 exseribo
634 3739 741 3806 loenm
756 3739 814 3805 IX
832 3744 873 3802 34
898 3741 994 3823 (qnod
1009 3762 1047 3808 ea
1062 3775 1105 3786 -
1121 3738 1192 3805 soil.
1209 3740 1313 3808 verba
1328 3777 1372 3787 —

197 3851 341 3920 immines
375 3849 418 3916 ml
452 3869 546 3915 enam
580 3848 714 3929 aneqne
747 3847 941 3914 oolnntatem
970 3846 1091 3933 finpat)
1118 3845 1174 3911 ubi
1201 3863 1373 3928 perperam

197 3955 357 4039 pluralem
374 3954 417 4020 ab
432 3951 521 4018 eido
538 3954 573 4017 et
589 3950 697 4017 Laeto
714 3949 876 4017 insertum
893 3968 968 4017 3333
987 3950 1107 4017 docent
1125 3969 1152 4016 e.
1169 3970 1201 4034 g.
1219 3949 1373 4018 Sallustii

198 4064 301 4134 verba
325 4059 426 4127 Oatil.
453 4062 509 4140 37,
541 4064 559 4120 6
583 4061 689 4140 (malti
702 4112 709 4128 .
724 4110 752 4126 ..
780 4061 841 4127 eibi
869 4061 1002 4142 qnisqne
1020 4109 1027 4126 .
1042 4109 1071 4126 ..
1101 4058 1182 4127 talea
1211 4058 1367 4146 opnabat)

198 4167 317 4236 etalii
343 4165 407 4232 loei
437 4183 517 4246 qnos
545 4164 622 4233 vide
650 4165 737 4247 apud
764 4162 875 4232 Madv.
901 4163 945 4230 ad
972 4162 1042 4231 Oia.
1071 4163 1145 4229 Fin.
1175 4164 1208 4234 V
1235 4171 1289 4248 15,
1320 4169 1371 4227 42.

198 4276 324 4343 Tamen
352 4273 388 4340 in
415 4269 620 4339 orationibus
650 4271 819 4339 Oieeronis
849 4269 1032 4353 exemplum
1064 4288 1129 4336 non
1163 4269 1276 4338 inveni
1311 4288 1373 4350 quo

198 4382 292 4450 verbi
314 4379 401 4447 finiti
424 4377 603 4462 singularis
626 4378 775 4461 legatur,
806 4395 900 4459 quem
925 4375 1056 4442 omnino
1087 4376 1191 4442 multo
1218 4376 1377 4442 rariorem

202 4505 274 4554 3333
297 4485 418 4569 plurali
441 4502 575 4551 nurnero
599 4485 696 4551 docet
719 4485 860 4550 Kithner
882 4501 912 4565 p.
940 4489 999 4547 187
1025 4501 1073 4563 eq.
