<?xml version="1.0" encoding="UTF-8"?>
<!DOCTYPE html PUBLIC "-//W3C//DTD XHTML 1.0 Transitional//EN"
    "http://www.w3.org/TR/xhtml1/DTD/xhtml1-transitional.dtd">
<html xmlns="http://www.w3.org/1999/xhtml" xml:lang="en" lang="en">
 <head>
  <title>
</title>
<meta http-equiv="Content-Type" content="text/html;charset=utf-8" />
  <meta name='ocr-system' content='tesseract 3.04.00' />
  <meta name='ocr-capabilities' content='ocr_page ocr_carea ocr_par ocr_line ocrx_word'/>
</head>
<body>
  <div class='ocr_page' id='page_1' title='image "./devarronianoscr00krumgoog_0063.png"; bbox 0 0 3184 5034; ppageno 0'>
   <div class='ocr_carea' id='block_1_1' title="bbox 693 240 1025 326">
    <p class='ocr_par' dir='ltr' id='par_1_1' title="bbox 693 240 1025 326">
     <span class='ocr_line' id='line_1_1' title="bbox 693 240 1025 326; baseline -0.003 -28"><span class='ocrx_word' id='word_1_1' title='bbox 693 240 1025 326; x_wconf 51' lang='lat'>-58-¹</span> 
     </span>
    </p>
   </div>
   <div class='ocr_carea' id='block_1_2' title="bbox 214 409 1385 605">
    <p class='ocr_par' dir='ltr' id='par_1_2' title="bbox 214 409 1385 605">
     <span class='ocr_line' id='line_1_2' title="bbox 214 409 1385 495; baseline 0.002 -19"><span class='ocrx_word' id='word_1_2' title='bbox 214 429 302 478; x_wconf 90' lang='lat' dir='ltr'>mam</span> <span class='ocrx_word' id='word_1_3' title='bbox 323 413 452 494; x_wconf 88' lang='lat' dir='ltr'>partem</span> <span class='ocrx_word' id='word_1_4' title='bbox 477 409 599 478; x_wconf 87' lang='lat' dir='ltr'>eisdem</span> <span class='ocrx_word' id='word_1_5' title='bbox 622 410 741 480; x_wconf 88' lang='lat' dir='ltr'>finibus</span> <span class='ocrx_word' id='word_1_6' title='bbox 764 432 800 480; x_wconf 85' lang='lat' dir='ltr'>se</span> <span class='ocrx_word' id='word_1_7' title='bbox 824 413 997 481; x_wconf 79' lang='lat' dir='ltr'>continent</span> <span class='ocrx_word' id='word_1_8' title='bbox 1020 412 1136 495; x_wconf 89' lang='lat' dir='ltr'>quibus</span> <span class='ocrx_word' id='word_1_9' title='bbox 1153 410 1241 494; x_wconf 92' lang='lat' dir='ltr'>apud</span> <span class='ocrx_word' id='word_1_10' title='bbox 1256 416 1385 480; x_wconf 89' lang='lat' dir='ltr'>ceteros</span> 
     </span>
     <span class='ocr_line' id='line_1_3' title="bbox 215 517 1134 605; baseline 0.002 -22"><span class='ocrx_word' id='word_1_11' title='bbox 215 518 393 605; x_wconf 74' lang='lat' dir='ltr'>scriptores</span> <span class='ocrx_word' id='word_1_12' title='bbox 417 517 642 586; x_wconf 79' lang='lat' dir='ltr'>abundantiae</span> <span class='ocrx_word' id='word_1_13' title='bbox 665 538 789 602; x_wconf 84' lang='lat' dir='ltr'>genera</span> <span class='ocrx_word' id='word_1_14' title='bbox 813 519 1134 588; x_wconf 86' lang='lat' dir='ltr'>circumscribuntur.</span> 
     </span>
    </p>
   </div>
   <div class='ocr_carea' id='block_1_3' title="bbox 206 717 1384 3040">
    <p class='ocr_par' dir='ltr' id='par_1_3' title="bbox 752 717 846 798">
     <span class='ocr_line' id='line_1_4' title="bbox 752 717 846 798; baseline 0.021 -19"><span class='ocrx_word' id='word_1_15' title='bbox 752 717 846 798; x_wconf 72' lang='lat' dir='ltr'>§aa</span> 
     </span>
    </p>

    <p class='ocr_par' dir='ltr' id='par_1_4' title="bbox 213 820 1384 1104">
     <span class='ocr_line' id='line_1_5' title="bbox 303 820 1384 905; baseline -0.005 -13"><span class='ocrx_word' id='word_1_16' title='bbox 303 820 465 892; x_wconf 84' lang='lat' dir='ltr'>Varronis</span> <span class='ocrx_word' id='word_1_17' title='bbox 488 821 625 905; x_wconf 92' lang='lat' dir='ltr'>primum</span> <span class='ocrx_word' id='word_1_18' title='bbox 650 841 707 890; x_wconf 91' lang='lat' dir='ltr'>eos</span> <span class='ocrx_word' id='word_1_19' title='bbox 730 822 819 890; x_wconf 90' lang='lat' dir='ltr'>locos</span> <span class='ocrx_word' id='word_1_20' title='bbox 844 821 980 888; x_wconf 89' lang='lat' dir='ltr'>afferam</span> <span class='ocrx_word' id='word_1_21' title='bbox 1003 821 1119 902; x_wconf 89' lang='lat' dir='ltr'>quibus</span> <span class='ocrx_word' id='word_1_22' title='bbox 1136 840 1175 888; x_wconf 92' lang='lat' dir='ltr'>ea</span> <span class='ocrx_word' id='word_1_23' title='bbox 1192 821 1283 888; x_wconf 91' lang='lat' dir='ltr'>notio</span> <span class='ocrx_word' id='word_1_24' title='bbox 1299 840 1384 902; x_wconf 88' lang='lat' dir='ltr'>quae</span> 
     </span>
     <span class='ocr_line' id='line_1_6' title="bbox 213 927 1384 1012; baseline -0.002 -16"><span class='ocrx_word' id='word_1_25' title='bbox 213 930 314 997; x_wconf 88' lang='lat' dir='ltr'>verbo</span> <span class='ocrx_word' id='word_1_26' title='bbox 342 928 436 996; x_wconf 88' lang='lat' dir='ltr'>finito</span> <span class='ocrx_word' id='word_1_27' title='bbox 463 928 530 995; x_wconf 91' lang='lat' dir='ltr'>iam</span> <span class='ocrx_word' id='word_1_28' title='bbox 559 929 644 996; x_wconf 86' lang='lat' dir='ltr'>satis</span> <span class='ocrx_word' id='word_1_29' title='bbox 675 929 884 1012; x_wconf 83' lang='lat' dir='ltr'>exprimitur,</span> <span class='ocrx_word' id='word_1_30' title='bbox 919 933 1021 995; x_wconf 90' lang='lat' dir='ltr'>aucta</span> <span class='ocrx_word' id='word_1_31' title='bbox 1049 933 1102 994; x_wconf 89' lang='lat' dir='ltr'>est</span> <span class='ocrx_word' id='word_1_32' title='bbox 1129 927 1296 996; x_wconf 84' lang='lat' dir='ltr'>adiectiro</span> <span class='ocrx_word' id='word_1_33' title='bbox 1324 933 1384 994; x_wconf 89' lang='lat' dir='ltr'>ant</span> 
     </span>
     <span class='ocr_line' id='line_1_7' title="bbox 215 1035 382 1104; baseline 0 -2"><span class='ocrx_word' id='word_1_34' title='bbox 215 1035 382 1104; x_wconf 83' lang='lat' dir='ltr'>adverbio.</span> 
     </span>
    </p>

    <p class='ocr_par' dir='ltr' id='par_1_5' title="bbox 208 1141 1381 2403">
     <span class='ocr_line' id='line_1_8' title="bbox 300 1141 1380 1229; baseline -0.006 -19"><span class='ocrx_word' id='word_1_35' title='bbox 300 1143 527 1229; x_wconf 77' lang='lat' dir='ltr'>Incipieadi</span> <span class='ocrx_word' id='word_1_36' title='bbox 556 1143 657 1211; x_wconf 84' lang='lat' dir='ltr'>verbo</span> <span class='ocrx_word' id='word_1_37' title='bbox 690 1142 824 1209; x_wconf 87' lang='lat' dir='ltr'>additur</span> <span class='ocrx_word' id='word_1_38' title='bbox 853 1141 1053 1210; x_wconf 89' lang='lat' dir='ltr'>adiectivum</span> <span class='ocrx_word' id='word_1_39' title='bbox 1079 1145 1210 1222; x_wconf 80' lang='lat' dir='ltr'>primus</span> <span class='ocrx_word' id='word_1_40' title='bbox 1239 1141 1279 1207; x_wconf 92' lang='lat' dir='ltr'>II</span> <span class='ocrx_word' id='word_1_41' title='bbox 1311 1147 1380 1225; x_wconf 83' lang='lat'><strong>2,2:</strong></span> 
     </span>
     <span class='ocr_line' id='line_1_9' title="bbox 212 1248 1378 1338; baseline -0.002 -22"><span class='ocrx_word' id='word_1_42' title='bbox 212 1251 281 1338; x_wconf 72' lang='lat' dir='ltr'>Epo</span> <span class='ocrx_word' id='word_1_43' title='bbox 305 1254 429 1336; x_wconf 80' lang='lat' dir='ltr'>opinor,</span> <span class='ocrx_word' id='word_1_44' title='bbox 453 1253 571 1336; x_wconf 79' lang='lat' dir='ltr'>inquit,</span> <span class='ocrx_word' id='word_1_45' title='bbox 595 1252 752 1336; x_wconf 68' lang='lat' dir='ltr'>campiano</span> <span class='ocrx_word' id='word_1_46' title='bbox 768 1253 899 1336; x_wconf 78' lang='lat' dir='ltr'>primus</span> <span class='ocrx_word' id='word_1_47' title='bbox 922 1267 984 1330; x_wconf 88' lang='lat' dir='ltr'>quo</span> <span class='ocrx_word' id='word_1_48' title='bbox 1008 1249 1079 1314; x_wconf 91' lang='lat' dir='ltr'>loco</span> <span class='ocrx_word' id='word_1_49' title='bbox 1103 1248 1246 1314; x_wconf 89' lang='lat' dir='ltr'>alterum</span> <span class='ocrx_word' id='word_1_50' title='bbox 1268 1253 1378 1314; x_wconf 90' lang='lat' dir='ltr'>utrum</span> 
     </span>
     <span class='ocr_line' id='line_1_10' title="bbox 212 1353 1379 1439; baseline -0.006 -15"><span class='ocrx_word' id='word_1_51' title='bbox 212 1358 309 1426; x_wconf 88' lang='lat' dir='ltr'>salva</span> <span class='ocrx_word' id='word_1_52' title='bbox 339 1357 510 1424; x_wconf 91' lang='lat' dir='ltr'>sententia</span> <span class='ocrx_word' id='word_1_53' title='bbox 541 1356 652 1423; x_wconf 86' lang='lat' dir='ltr'>omitti</span> <span class='ocrx_word' id='word_1_54' title='bbox 681 1357 800 1439; x_wconf 91' lang='lat' dir='ltr'>potuit.</span> <span class='ocrx_word' id='word_1_55' title='bbox 847 1357 953 1423; x_wconf 91' lang='lat' dir='ltr'>Plane</span> <span class='ocrx_word' id='word_1_56' title='bbox 983 1356 1065 1421; x_wconf 88' lang='lat' dir='ltr'>itam</span> <span class='ocrx_word' id='word_1_57' title='bbox 1097 1353 1166 1422; x_wconf 84' lang='lat' dir='ltr'>Oic.</span> <span class='ocrx_word' id='word_1_58' title='bbox 1191 1354 1277 1420; x_wconf 91' lang='lat' dir='ltr'>Phil.</span> <span class='ocrx_word' id='word_1_59' title='bbox 1301 1356 1379 1436; x_wconf 83' lang='lat'>183</span> 
     </span>
     <span class='ocr_line' id='line_1_11' title="bbox 212 1458 1381 1544; baseline -0.003 -14"><span class='ocrx_word' id='word_1_60' title='bbox 212 1464 270 1530; x_wconf 87' lang='lat' dir='ltr'>cfr.</span> <span class='ocrx_word' id='word_1_61' title='bbox 302 1463 505 1544; x_wconf 89' lang='lat' dir='ltr'>Hauschild,</span> <span class='ocrx_word' id='word_1_62' title='bbox 539 1462 632 1530; x_wconf 83' lang='lat' dir='ltr'>Dias.</span> <span class='ocrx_word' id='word_1_63' title='bbox 663 1462 743 1528; x_wconf 91' lang='lat' dir='ltr'>Hal.</span> <span class='ocrx_word' id='word_1_64' title='bbox 772 1463 825 1533; x_wconf 90' lang='lat' dir='ltr'>VI</span> <span class='ocrx_word' id='word_1_65' title='bbox 860 1467 922 1526; x_wconf 82' lang='lat'>285</span> <span class='ocrx_word' id='word_1_66' title='bbox 948 1465 1032 1528; x_wconf 86' lang='lat' dir='ltr'>extr.</span> <span class='ocrx_word' id='word_1_67' title='bbox 1069 1458 1229 1527; x_wconf 85' lang='lat' dir='ltr'>Similiter</span> <span class='ocrx_word' id='word_1_68' title='bbox 1258 1461 1381 1528; x_wconf 92' lang='lat' dir='ltr'>nomini</span> 
     </span>
     <span class='ocr_line' id='line_1_12' title="bbox 212 1567 1381 1652; baseline 0 -15"><span class='ocrx_word' id='word_1_69' title='bbox 212 1590 242 1652; x_wconf 89' lang='lat' dir='ltr'>q.</span> <span class='ocrx_word' id='word_1_70' title='bbox 267 1591 295 1637; x_wconf 93' lang='lat' dir='ltr'>e.</span> <span class='ocrx_word' id='word_1_71' title='bbox 319 1574 482 1641; x_wconf 77' lang='lat' dir='ltr'>initium</span> <span class='ocrx_word' id='word_1_72' title='bbox 508 1570 642 1636; x_wconf 86' lang='lat' dir='ltr'>additur</span> <span class='ocrx_word' id='word_1_73' title='bbox 665 1569 867 1636; x_wconf 88' lang='lat' dir='ltr'>adiectivum</span> <span class='ocrx_word' id='word_1_74' title='bbox 885 1573 1057 1650; x_wconf 78' lang='lat' dir='ltr'>primum</span> <span class='ocrx_word' id='word_1_75' title='bbox 1083 1567 1122 1633; x_wconf 88' lang='lat' dir='ltr'><strong>H</strong></span> <span class='ocrx_word' id='word_1_76' title='bbox 1151 1574 1219 1650; x_wconf 63' lang='lat' dir='ltr'>aa:</span> <span class='ocrx_word' id='word_1_77' title='bbox 1247 1571 1381 1637; x_wconf 78' lang='lat' dir='ltr'>initiam</span> 
     </span>
     <span class='ocr_line' id='line_1_13' title="bbox 208 1673 1380 1762; baseline -0.007 -16"><span class='ocrx_word' id='word_1_78' title='bbox 208 1681 354 1759; x_wconf 72' lang='lat' dir='ltr'>primam</span> <span class='ocrx_word' id='word_1_79' title='bbox 376 1687 541 1762; x_wconf 80' lang='lat' dir='ltr'>sumptum</span> <span class='ocrx_word' id='word_1_80' title='bbox 563 1680 707 1761; x_wconf 60' lang='lat' dir='ltr'>videtum</span> <span class='ocrx_word' id='word_1_81' title='bbox 730 1677 768 1742; x_wconf 94' lang='lat' dir='ltr'>X</span> <span class='ocrx_word' id='word_1_82' title='bbox 794 1680 830 1740; x_wconf 93' lang='lat'>11</span> <span class='ocrx_word' id='word_1_83' title='bbox 853 1679 1020 1762; x_wconf 76' lang='lat' dir='ltr'>principie</span> <span class='ocrx_word' id='word_1_84' title='bbox 1029 1677 1150 1760; x_wconf 79' lang='lat' dir='ltr'>prima.</span> <span class='ocrx_word' id='word_1_85' title='bbox 1175 1673 1304 1740; x_wconf 90' lang='lat' dir='ltr'>Dubius</span> <span class='ocrx_word' id='word_1_86' title='bbox 1328 1677 1380 1741; x_wconf 89' lang='lat' dir='ltr'>est</span> 
     </span>
     <span class='ocr_line' id='line_1_14' title="bbox 209 1776 1379 1869; baseline 0 -21"><span class='ocrx_word' id='word_1_87' title='bbox 209 1784 301 1850; x_wconf 86' lang='lat' dir='ltr'>locus</span> <span class='ocrx_word' id='word_1_88' title='bbox 328 1784 382 1850; x_wconf 88' lang='lat' dir='ltr'>hic</span> <span class='ocrx_word' id='word_1_89' title='bbox 405 1784 457 1854; x_wconf 88' lang='lat' dir='ltr'>VI</span> <span class='ocrx_word' id='word_1_90' title='bbox 481 1790 537 1846; x_wconf 78' lang='lat'>41:</span> <span class='ocrx_word' id='word_1_91' title='bbox 568 1785 733 1869; x_wconf 70' lang='lat' dir='ltr'>Inceptum</span> <span class='ocrx_word' id='word_1_92' title='bbox 759 1786 836 1851; x_wconf 76' lang='lat' dir='ltr'>hirec</span> <span class='ocrx_word' id='word_1_93' title='bbox 857 1785 1000 1868; x_wconf 74' lang='lat' dir='ltr'>primum</span> <span class='ocrx_word' id='word_1_94' title='bbox 1024 1777 1167 1868; x_wconf 63' lang='lat' dir='ltr'>[primm</span> <span class='ocrx_word' id='word_1_95' title='bbox 1190 1776 1274 1866; x_wconf 73' lang='lat' dir='ltr'>cod]</span> <span class='ocrx_word' id='word_1_96' title='bbox 1297 1784 1379 1860; x_wconf 77' lang='lat' dir='ltr'>qaod</span> 
     </span>
     <span class='ocr_line' id='line_1_15' title="bbox 209 1886 1379 1978; baseline -0.005 -20"><span class='ocrx_word' id='word_1_97' title='bbox 209 1894 329 1960; x_wconf 71' lang='lat' dir='ltr'>dictim</span> <span class='ocrx_word' id='word_1_98' title='bbox 359 1915 417 1978; x_wconf 70' lang='lat' dir='ltr'>ayo</span> <span class='ocrx_word' id='word_1_99' title='bbox 450 1893 532 1960; x_wconf 78' lang='lat' dir='ltr'>ectio</span> <span class='ocrx_word' id='word_1_100' title='bbox 560 1893 598 1958; x_wconf 86' lang='lat' dir='ltr'>eb</span> <span class='ocrx_word' id='word_1_101' title='bbox 625 1893 749 1977; x_wconf 73' lang='lat' dir='ltr'>epitecto</span> <span class='ocrx_word' id='word_1_102' title='bbox 775 1893 881 1976; x_wconf 64' lang='lat' dir='ltr'>fucta·</span> <span class='ocrx_word' id='word_1_103' title='bbox 911 1906 995 1969; x_wconf 85' lang='lat' dir='ltr'>quae</span> <span class='ocrx_word' id='word_1_104' title='bbox 1023 1889 1126 1955; x_wconf 83' lang='lat' dir='ltr'>verba</span> <span class='ocrx_word' id='word_1_105' title='bbox 1157 1886 1301 1970; x_wconf 80' lang='lat' dir='ltr'>Spengel</span> <span class='ocrx_word' id='word_1_106' title='bbox 1331 1886 1379 1952; x_wconf 90' lang='lat' dir='ltr'>sic</span> 
     </span>
     <span class='ocr_line' id='line_1_16' title="bbox 208 1993 1378 2083; baseline -0.005 -19"><span class='ocrx_word' id='word_1_107' title='bbox 208 1997 431 2080; x_wconf 86' lang='lat' dir='ltr'>interpunxit:</span> <span class='ocrx_word' id='word_1_108' title='bbox 455 1998 619 2083; x_wconf 78' lang='lat' dir='ltr'>Incipiam</span> <span class='ocrx_word' id='word_1_109' title='bbox 642 1999 736 2064; x_wconf 80' lang='lat' dir='ltr'>biae:</span> <span class='ocrx_word' id='word_1_110' title='bbox 757 1998 899 2081; x_wconf 81' lang='lat' dir='ltr'>primum</span> <span class='ocrx_word' id='word_1_111' title='bbox 922 2000 985 2061; x_wconf 90' lang='lat' dir='ltr'>etc.</span> <span class='ocrx_word' id='word_1_112' title='bbox 1025 1993 1091 2060; x_wconf 92' lang='lat' dir='ltr'>Sed</span> <span class='ocrx_word' id='word_1_113' title='bbox 1113 2013 1154 2060; x_wconf 95' lang='lat' dir='ltr'>ne</span> <span class='ocrx_word' id='word_1_114' title='bbox 1178 1993 1226 2060; x_wconf 88' lang='lat' dir='ltr'>sio</span> <span class='ocrx_word' id='word_1_115' title='bbox 1250 1993 1378 2074; x_wconf 89' lang='lat' dir='ltr'>quidem</span> 
     </span>
     <span class='ocr_line' id='line_1_17' title="bbox 208 2099 1376 2183; baseline -0.007 -14"><span class='ocrx_word' id='word_1_116' title='bbox 208 2104 340 2170; x_wconf 87' lang='lat' dir='ltr'>tollitur</span> <span class='ocrx_word' id='word_1_117' title='bbox 363 2102 571 2169; x_wconf 89' lang='lat' dir='ltr'>abundantia</span> <span class='ocrx_word' id='word_1_118' title='bbox 594 2120 678 2183; x_wconf 88' lang='lat' dir='ltr'>quac</span> <span class='ocrx_word' id='word_1_119' title='bbox 701 2100 736 2167; x_wconf 91' lang='lat' dir='ltr'>in</span> <span class='ocrx_word' id='word_1_120' title='bbox 759 2101 870 2168; x_wconf 84' lang='lat' dir='ltr'>verbis</span> <span class='ocrx_word' id='word_1_121' title='bbox 893 2100 991 2168; x_wconf 89' lang='lat' dir='ltr'>inest.</span> <span class='ocrx_word' id='word_1_122' title='bbox 1031 2099 1183 2180; x_wconf 91' lang='lat' dir='ltr'>Denique</span> <span class='ocrx_word' id='word_1_123' title='bbox 1199 2118 1271 2165; x_wconf 90' lang='lat' dir='ltr'>cum</span> <span class='ocrx_word' id='word_1_124' title='bbox 1289 2099 1319 2168; x_wconf 90' lang='lat' dir='ltr'>V</span> <span class='ocrx_word' id='word_1_125' title='bbox 1335 2105 1376 2162; x_wconf 80' lang='grc'>47</span> 
     </span>
     <span class='ocr_line' id='line_1_18' title="bbox 208 2203 1378 2296; baseline -0.005 -18"><span class='ocrx_word' id='word_1_126' title='bbox 208 2213 298 2280; x_wconf 79' lang='lat' dir='ltr'>Hinc</span> <span class='ocrx_word' id='word_1_127' title='bbox 321 2213 427 2279; x_wconf 77' lang='lat' dir='ltr'>ociter</span> <span class='ocrx_word' id='word_1_128' title='bbox 450 2218 545 2296; x_wconf 82' lang='lat' dir='ltr'>ceput</span> <span class='ocrx_word' id='word_1_129' title='bbox 568 2232 678 2278; x_wconf 73' lang='lat' dir='ltr'>samue</span> <span class='ocrx_word' id='word_1_130' title='bbox 700 2211 771 2278; x_wconf 78' lang='lat' dir='ltr'>eice</span> <span class='ocrx_word' id='word_1_131' title='bbox 794 2207 851 2273; x_wconf 85' lang='lat' dir='ltr'>cir.</span> <span class='ocrx_word' id='word_1_132' title='bbox 877 2203 945 2272; x_wconf 85' lang='lat' dir='ltr'>Oio.</span> <span class='ocrx_word' id='word_1_133' title='bbox 963 2206 1049 2273; x_wconf 89' lang='lat' dir='ltr'>Phil.</span> <span class='ocrx_word' id='word_1_134' title='bbox 1066 2205 1106 2271; x_wconf 91' lang='lat' dir='ltr'><strong>H</strong></span> <span class='ocrx_word' id='word_1_135' title='bbox 1122 2211 1163 2269; x_wconf 97' lang='grc'>20</span> <span class='ocrx_word' id='word_1_136' title='bbox 1178 2209 1378 2292; x_wconf 64' lang='lat' dir='ltr'>minacium</span> 
     </span>
     <span class='ocr_line' id='line_1_19' title="bbox 208 2315 560 2403; baseline -0.02 -16"><span class='ocrx_word' id='word_1_137' title='bbox 208 2326 324 2388; x_wconf 80' lang='lat' dir='ltr'>aetam</span> <span class='ocrx_word' id='word_1_138' title='bbox 345 2319 510 2403; x_wconf 79' lang='lat' dir='ltr'>reperietis</span> <span class='ocrx_word' id='word_1_139' title='bbox 525 2315 560 2400; x_wconf 84' lang='lat'>¹).</span> 
     </span>
    </p>

    <p class='ocr_par' dir='ltr' id='par_1_6' title="bbox 206 2418 1376 3040">
     <span class='ocr_line' id='line_1_20' title="bbox 298 2418 1376 2504; baseline -0.005 -13"><span class='ocrx_word' id='word_1_140' title='bbox 298 2423 405 2504; x_wconf 83' lang='lat' dir='ltr'>Saepe</span> <span class='ocrx_word' id='word_1_141' title='bbox 433 2422 481 2488; x_wconf 91' lang='lat' dir='ltr'>eis</span> <span class='ocrx_word' id='word_1_142' title='bbox 509 2421 619 2488; x_wconf 87' lang='lat' dir='ltr'>verbis</span> <span class='ocrx_word' id='word_1_143' title='bbox 648 2421 764 2502; x_wconf 91' lang='lat' dir='ltr'>quibus</span> <span class='ocrx_word' id='word_1_144' title='bbox 793 2419 843 2486; x_wconf 86' lang='lat' dir='ltr'>vis</span> <span class='ocrx_word' id='word_1_145' title='bbox 872 2419 960 2485; x_wconf 88' lang='lat' dir='ltr'>inest</span> <span class='ocrx_word' id='word_1_146' title='bbox 988 2418 1237 2500; x_wconf 82' lang='lat' dir='ltr'>frequentativa</span> <span class='ocrx_word' id='word_1_147' title='bbox 1262 2420 1376 2488; x_wconf 88' lang='lat' dir='ltr'>adver-</span> 
     </span>
     <span class='ocr_line' id='line_1_21' title="bbox 207 2525 1375 2610; baseline -0.008 -11"><span class='ocrx_word' id='word_1_148' title='bbox 207 2531 296 2599; x_wconf 91' lang='lat' dir='ltr'>bium</span> <span class='ocrx_word' id='word_1_149' title='bbox 319 2529 454 2596; x_wconf 90' lang='lat' dir='ltr'>additur</span> <span class='ocrx_word' id='word_1_150' title='bbox 478 2529 615 2595; x_wconf 90' lang='lat' dir='ltr'>eandem</span> <span class='ocrx_word' id='word_1_151' title='bbox 637 2527 805 2594; x_wconf 87' lang='lat' dir='ltr'>notionem</span> <span class='ocrx_word' id='word_1_152' title='bbox 829 2527 1013 2608; x_wconf 85' lang='lat' dir='ltr'>exprimens</span> <span class='ocrx_word' id='word_1_153' title='bbox 1035 2525 1108 2610; x_wconf 86' lang='lat' dir='ltr'>(cfr.</span> <span class='ocrx_word' id='word_1_154' title='bbox 1126 2526 1279 2594; x_wconf 84' lang='lat' dir='ltr'>Schmalz</span> <span class='ocrx_word' id='word_1_155' title='bbox 1300 2526 1375 2595; x_wconf 90' lang='lat' dir='ltr'>Stil.</span> 
     </span>
     <span class='ocr_line' id='line_1_22' title="bbox 208 2632 1376 2719; baseline -0.002 -19"><span class='ocrx_word' id='word_1_156' title='bbox 208 2642 227 2718; x_wconf 65' lang='grc' dir='ltr'>ξ</span> <span class='ocrx_word' id='word_1_157' title='bbox 257 2639 322 2719; x_wconf 79' lang='grc'>64).</span> <span class='ocrx_word' id='word_1_158' title='bbox 367 2635 468 2703; x_wconf 82' lang='lat' dir='ltr'>Ouius</span> <span class='ocrx_word' id='word_1_159' title='bbox 499 2654 577 2701; x_wconf 92' lang='lat' dir='ltr'>usus</span> <span class='ocrx_word' id='word_1_160' title='bbox 609 2634 696 2716; x_wconf 91' lang='lat' dir='ltr'>apud</span> <span class='ocrx_word' id='word_1_161' title='bbox 723 2634 906 2703; x_wconf 88' lang='lat' dir='ltr'>Varronem</span> <span class='ocrx_word' id='word_1_162' title='bbox 937 2633 1020 2698; x_wconf 91' lang='lat' dir='ltr'>haec</span> <span class='ocrx_word' id='word_1_163' title='bbox 1051 2632 1200 2713; x_wconf 88' lang='lat' dir='ltr'>exempla</span> <span class='ocrx_word' id='word_1_164' title='bbox 1228 2633 1376 2698; x_wconf 91' lang='lat' dir='ltr'>animad-</span> 
     </span>
     <span class='ocr_line' id='line_1_23' title="bbox 206 2739 1374 2826; baseline -0.01 -13"><span class='ocrx_word' id='word_1_165' title='bbox 206 2743 309 2813; x_wconf 85' lang='lat' dir='ltr'>verti:</span> <span class='ocrx_word' id='word_1_166' title='bbox 333 2743 393 2810; x_wconf 91' lang='lat' dir='ltr'>HI</span> <span class='ocrx_word' id='word_1_167' title='bbox 418 2748 514 2824; x_wconf 87' lang='grc'>16,29</span> <span class='ocrx_word' id='word_1_168' title='bbox 538 2750 575 2810; x_wconf 82' lang='lat' dir='ltr'>et</span> <span class='ocrx_word' id='word_1_169' title='bbox 598 2744 673 2810; x_wconf 80' lang='lat' dir='ltr'>otim</span> <span class='ocrx_word' id='word_1_170' title='bbox 697 2739 1374 2826; x_wconf 79' lang='lat' dir='ltr'>crebroScbtnifecta&#39;teeeruat;11117,5</span> 
     </span>
     <span class='ocr_line' id='line_1_24' title="bbox 206 2848 1376 2934; baseline -0.005 -14"><span class='ocrx_word' id='word_1_171' title='bbox 206 2860 244 2920; x_wconf 81' lang='lat' dir='ltr'>act</span> <span class='ocrx_word' id='word_1_172' title='bbox 265 2853 358 2919; x_wconf 77' lang='lat' dir='ltr'>illrum</span> <span class='ocrx_word' id='word_1_173' title='bbox 381 2853 480 2918; x_wconf 81' lang='lat' dir='ltr'>sciona</span> <span class='ocrx_word' id='word_1_174' title='bbox 499 2873 619 2934; x_wconf 80' lang='lat' dir='ltr'>semper</span> <span class='ocrx_word' id='word_1_175' title='bbox 638 2852 678 2917; x_wconf 80' lang='lat' dir='ltr'>irc</span> <span class='ocrx_word' id='word_1_176' title='bbox 693 2871 804 2917; x_wconf 77' lang='lat' dir='ltr'>cebant</span> <span class='ocrx_word' id='word_1_177' title='bbox 816 2850 919 2933; x_wconf 77' lang='lat' dir='ltr'>pisces</span> <span class='ocrx_word' id='word_1_178' title='bbox 934 2848 1084 2914; x_wconf 83' lang='lat' dir='ltr'>Puteolos</span> <span class='ocrx_word' id='word_1_179' title='bbox 1099 2848 1223 2913; x_wconf 82' lang='lat' dir='ltr'>mittere</span> <span class='ocrx_word' id='word_1_180' title='bbox 1239 2855 1376 2932; x_wconf 78' lang='lat' dir='ltr'>emptum</span> 
     </span>
     <span class='ocr_line' id='line_1_25' title="bbox 206 2953 1375 3040; baseline -0.002 -16"><span class='ocrx_word' id='word_1_181' title='bbox 206 2959 353 3040; x_wconf 64' lang='lat' dir='ltr'>solitum·</span> <span class='ocrx_word' id='word_1_182' title='bbox 374 2955 456 3022; x_wconf 88' lang='lat' dir='ltr'>item</span> <span class='ocrx_word' id='word_1_183' title='bbox 478 2954 513 3021; x_wconf 95' lang='lat' dir='ltr'>in</span> <span class='ocrx_word' id='word_1_184' title='bbox 537 2953 705 3022; x_wconf 85' lang='lat' dir='ltr'>sententia</span> <span class='ocrx_word' id='word_1_185' title='bbox 728 2953 889 3038; x_wconf 79' lang='lat' dir='ltr'>negativa</span> <span class='ocrx_word' id='word_1_186' title='bbox 912 2953 971 3020; x_wconf 89' lang='lat' dir='ltr'>III</span> <span class='ocrx_word' id='word_1_187' title='bbox 997 2958 1089 3027; x_wconf 87' lang='lat'>16‚11</span> <span class='ocrx_word' id='word_1_188' title='bbox 1114 2954 1183 3020; x_wconf 77' lang='lat' dir='ltr'>Hos</span> <span class='ocrx_word' id='word_1_189' title='bbox 1205 2973 1375 3034; x_wconf 76' lang='lat' dir='ltr'>uunquam</span> 
     </span>
    </p>
   </div>
   <div class='ocr_carea' id='block_1_4' title="bbox 104 3049 1375 3147">
    <p class='ocr_par' dir='ltr' id='par_1_7' title="bbox 104 3049 1375 3147">
     <span class='ocr_line' id='line_1_26' title="bbox 104 3049 1375 3147; baseline -0.006 -14"><span class='ocrx_word' id='word_1_190' title='bbox 104 3049 107 3054; x_wconf 36' lang='lat'>¹</span> <span class='ocrx_word' id='word_1_191' title='bbox 206 3067 316 3132; x_wconf 79' lang='lat' dir='ltr'>miuus</span> <span class='ocrx_word' id='word_1_192' title='bbox 333 3115 340 3130; x_wconf 94' lang='lat'>.</span> <span class='ocrx_word' id='word_1_193' title='bbox 359 3115 365 3130; x_wconf 95' lang='lat'>.</span> <span class='ocrx_word' id='word_1_194' title='bbox 385 3115 391 3130; x_wconf 95' lang='lat'>.</span> <span class='ocrx_word' id='word_1_195' title='bbox 408 3064 546 3147; x_wconf 75' lang='lat' dir='ltr'>recepere</span> <span class='ocrx_word' id='word_1_196' title='bbox 569 3081 633 3130; x_wconf 80' lang='lat' dir='ltr'>esse</span> <span class='ocrx_word' id='word_1_197' title='bbox 655 3063 772 3130; x_wconf 83' lang='lat' dir='ltr'>solitos.</span> <span class='ocrx_word' id='word_1_198' title='bbox 811 3061 853 3126; x_wconf 90' lang='lat' dir='ltr'>In</span> <span class='ocrx_word' id='word_1_199' title='bbox 868 3058 1037 3127; x_wconf 75' lang='lat' dir='ltr'>Ciceronis</span> <span class='ocrx_word' id='word_1_200' title='bbox 1054 3057 1259 3124; x_wconf 88' lang='lat' dir='ltr'>orationihus</span> <span class='ocrx_word' id='word_1_201' title='bbox 1274 3061 1375 3126; x_wconf 84' lang='lat' dir='ltr'>verbo</span> 
     </span>
    </p>
   </div>
   <div class='ocr_carea' id='block_1_5' title="bbox 201 3165 1374 4102">
    <p class='ocr_par' dir='ltr' id='par_1_8' title="bbox 206 3165 1373 3252">
     <span class='ocr_line' id='line_1_27' title="bbox 206 3165 1373 3252; baseline 0.001 -18"><span class='ocrx_word' id='word_1_202' title='bbox 206 3189 237 3250; x_wconf 89' lang='lat' dir='ltr'>q.</span> <span class='ocrx_word' id='word_1_203' title='bbox 261 3188 288 3234; x_wconf 91' lang='lat' dir='ltr'>e.</span> <span class='ocrx_word' id='word_1_204' title='bbox 312 3173 411 3238; x_wconf 81' lang='lat' dir='ltr'>solere</span> <span class='ocrx_word' id='word_1_205' title='bbox 443 3167 529 3233; x_wconf 90' lang='lat' dir='ltr'>binis</span> <span class='ocrx_word' id='word_1_206' title='bbox 563 3167 645 3233; x_wconf 92' lang='lat' dir='ltr'>locis</span> <span class='ocrx_word' id='word_1_207' title='bbox 677 3167 843 3233; x_wconf 91' lang='lat' dir='ltr'>adduntur</span> <span class='ocrx_word' id='word_1_208' title='bbox 874 3165 1033 3234; x_wconf 84' lang='lat' dir='ltr'>adverbia</span> <span class='ocrx_word' id='word_1_209' title='bbox 1064 3188 1155 3251; x_wconf 79' lang='lat' dir='ltr'>saepe</span> <span class='ocrx_word' id='word_1_210' title='bbox 1182 3168 1217 3229; x_wconf 87' lang='lat' dir='ltr'>et</span> <span class='ocrx_word' id='word_1_211' title='bbox 1245 3188 1373 3252; x_wconf 78' lang='lat' dir='ltr'>semper.</span> 
     </span>
    </p>

    <p class='ocr_par' dir='ltr' id='par_1_9' title="bbox 201 3270 1374 4102">
     <span class='ocr_line' id='line_1_28' title="bbox 295 3270 1373 3355; baseline -0.003 -14"><span class='ocrx_word' id='word_1_212' title='bbox 295 3273 396 3341; x_wconf 80' lang='lat' dir='ltr'>(ladit</span> <span class='ocrx_word' id='word_1_213' title='bbox 419 3275 483 3340; x_wconf 88' lang='lat' dir='ltr'>huc</span> <span class='ocrx_word' id='word_1_214' title='bbox 506 3273 608 3340; x_wconf 86' lang='lat' dir='ltr'>etiam</span> <span class='ocrx_word' id='word_1_215' title='bbox 623 3293 702 3339; x_wconf 92' lang='lat' dir='ltr'>usus</span> <span class='ocrx_word' id='word_1_216' title='bbox 717 3273 902 3355; x_wconf 82' lang='lat' dir='ltr'>particulae</span> <span class='ocrx_word' id='word_1_217' title='bbox 918 3296 1059 3341; x_wconf 72' lang='lat' dir='ltr'>cereas</span> <span class='ocrx_word' id='word_1_218' title='bbox 1074 3271 1109 3337; x_wconf 91' lang='lat' dir='ltr'>in</span> <span class='ocrx_word' id='word_1_219' title='bbox 1125 3270 1174 3336; x_wconf 90' lang='lat' dir='ltr'>eis</span> <span class='ocrx_word' id='word_1_220' title='bbox 1190 3271 1373 3338; x_wconf 87' lang='lat' dir='ltr'>enuntiatis</span> 
     </span>
     <span class='ocr_line' id='line_1_29' title="bbox 205 3377 1373 3464; baseline -0.002 -17"><span class='ocrx_word' id='word_1_221' title='bbox 205 3400 340 3464; x_wconf 88' lang='lat' dir='ltr'>quorum</span> <span class='ocrx_word' id='word_1_222' title='bbox 370 3381 505 3449; x_wconf 87' lang='lat' dir='ltr'>verbum</span> <span class='ocrx_word' id='word_1_223' title='bbox 534 3379 663 3446; x_wconf 89' lang='lat' dir='ltr'>finitum</span> <span class='ocrx_word' id='word_1_224' title='bbox 692 3397 751 3461; x_wconf 91' lang='lat' dir='ltr'>per</span> <span class='ocrx_word' id='word_1_225' title='bbox 781 3379 944 3461; x_wconf 88' lang='lat' dir='ltr'>syllabam</span> <span class='ocrx_word' id='word_1_226' title='bbox 977 3401 1033 3446; x_wconf 88' lang='lat' dir='ltr'>re·</span> <span class='ocrx_word' id='word_1_227' title='bbox 1061 3377 1228 3458; x_wconf 83' lang='lat' dir='ltr'>incipitur.</span> <span class='ocrx_word' id='word_1_228' title='bbox 1268 3377 1373 3445; x_wconf 85' lang='lat' dir='ltr'>Locos</span> 
     </span>
     <span class='ocr_line' id='line_1_30' title="bbox 205 3483 1374 3572; baseline -0.003 -17"><span class='ocrx_word' id='word_1_229' title='bbox 205 3488 412 3572; x_wconf 84' lang='lat' dir='ltr'>congessisse</span> <span class='ocrx_word' id='word_1_230' title='bbox 435 3487 531 3555; x_wconf 84' lang='lat' dir='ltr'>video</span> <span class='ocrx_word' id='word_1_231' title='bbox 547 3485 720 3552; x_wconf 87' lang='lat' dir='ltr'>Reiterum</span> <span class='ocrx_word' id='word_1_232' title='bbox 739 3506 771 3568; x_wconf 92' lang='lat' dir='ltr'>p.</span> <span class='ocrx_word' id='word_1_233' title='bbox 790 3490 830 3548; x_wconf 84' lang='lat'>80</span> <span class='ocrx_word' id='word_1_234' title='bbox 848 3486 923 3551; x_wconf 89' lang='lat' dir='ltr'>adn.</span> <span class='ocrx_word' id='word_1_235' title='bbox 964 3484 1058 3570; x_wconf 80' lang='lat' dir='ltr'>Quod</span> <span class='ocrx_word' id='word_1_236' title='bbox 1072 3483 1255 3566; x_wconf 90' lang='lat' dir='ltr'>pleonasmi</span> <span class='ocrx_word' id='word_1_237' title='bbox 1270 3504 1374 3568; x_wconf 79' lang='lat' dir='ltr'>genus</span> 
     </span>
     <span class='ocr_line' id='line_1_31' title="bbox 204 3589 1374 3678; baseline -0.004 -17"><span class='ocrx_word' id='word_1_238' title='bbox 204 3595 291 3678; x_wconf 89' lang='lat' dir='ltr'>apud</span> <span class='ocrx_word' id='word_1_239' title='bbox 322 3615 433 3662; x_wconf 90' lang='lat' dir='ltr'>omnes</span> <span class='ocrx_word' id='word_1_240' title='bbox 464 3593 533 3660; x_wconf 90' lang='lat' dir='ltr'>fere</span> <span class='ocrx_word' id='word_1_241' title='bbox 565 3598 717 3659; x_wconf 89' lang='lat' dir='ltr'>auctores</span> <span class='ocrx_word' id='word_1_242' title='bbox 748 3593 930 3661; x_wconf 87' lang='lat' dir='ltr'>invenitur:</span> <span class='ocrx_word' id='word_1_243' title='bbox 964 3591 1051 3673; x_wconf 86' lang='lat' dir='ltr'>apud</span> <span class='ocrx_word' id='word_1_244' title='bbox 1083 3589 1274 3657; x_wconf 80' lang='lat' dir='ltr'>Ciceronem</span> <span class='ocrx_word' id='word_1_245' title='bbox 1302 3591 1374 3676; x_wconf 87' lang='lat' dir='ltr'>(cf.</span> 
     </span>
     <span class='ocr_line' id='line_1_32' title="bbox 203 3697 1373 3784; baseline -0.003 -17"><span class='ocrx_word' id='word_1_246' title='bbox 203 3701 400 3769; x_wconf 78' lang='lat' dir='ltr'>Thielmann</span> <span class='ocrx_word' id='word_1_247' title='bbox 422 3722 451 3784; x_wconf 94' lang='lat' dir='ltr'>p.</span> <span class='ocrx_word' id='word_1_248' title='bbox 478 3707 564 3783; x_wconf 82' lang='lat'><strong>368),</strong></span> <span class='ocrx_word' id='word_1_249' title='bbox 598 3698 685 3781; x_wconf 91' lang='lat' dir='ltr'>apud</span> <span class='ocrx_word' id='word_1_250' title='bbox 709 3704 797 3766; x_wconf 86' lang='lat' dir='ltr'>auct.</span> <span class='ocrx_word' id='word_1_251' title='bbox 821 3699 902 3765; x_wconf 88' lang='lat' dir='ltr'>balli</span> <span class='ocrx_word' id='word_1_252' title='bbox 924 3699 1021 3780; x_wconf 90' lang='lat' dir='ltr'>Hisp.</span> <span class='ocrx_word' id='word_1_253' title='bbox 1046 3702 1080 3764; x_wconf 91' lang='lat' dir='ltr'>et</span> <span class='ocrx_word' id='word_1_254' title='bbox 1104 3698 1184 3762; x_wconf 93' lang='lat' dir='ltr'>belli</span> <span class='ocrx_word' id='word_1_255' title='bbox 1206 3697 1278 3764; x_wconf 83' lang='lat' dir='ltr'>Air.</span> <span class='ocrx_word' id='word_1_256' title='bbox 1303 3699 1373 3780; x_wconf 86' lang='lat' dir='ltr'>(cir.</span> 
     </span>
     <span class='ocr_line' id='line_1_33' title="bbox 202 3805 1374 3891; baseline -0.002 -17"><span class='ocrx_word' id='word_1_257' title='bbox 202 3809 331 3874; x_wconf 88' lang='lat' dir='ltr'>thler</span> <span class='ocrx_word' id='word_1_258' title='bbox 353 3808 398 3873; x_wconf 92' lang='lat' dir='ltr'>A.</span> <span class='ocrx_word' id='word_1_259' title='bbox 424 3807 458 3874; x_wconf 90' lang='lat' dir='ltr'>S.</span> <span class='ocrx_word' id='word_1_260' title='bbox 482 3809 522 3874; x_wconf 83' lang='grc' dir='ltr'>Ε.</span> <span class='ocrx_word' id='word_1_261' title='bbox 547 3808 567 3873; x_wconf 93' lang='grc' dir='ltr'>Ι</span> <span class='ocrx_word' id='word_1_262' title='bbox 590 3810 682 3883; x_wconf 81' lang='grc'><strong>447),</strong></span> <span class='ocrx_word' id='word_1_263' title='bbox 712 3807 798 3890; x_wconf 86' lang='lat' dir='ltr'>apud</span> <span class='ocrx_word' id='word_1_264' title='bbox 822 3805 1009 3873; x_wconf 77' lang='lat' dir='ltr'>Cornelium</span> <span class='ocrx_word' id='word_1_265' title='bbox 1032 3805 1196 3887; x_wconf 87' lang='lat' dir='ltr'>Nepotem</span> <span class='ocrx_word' id='word_1_266' title='bbox 1221 3805 1374 3891; x_wconf 78' lang='lat' dir='ltr'>(recrees</span> 
     </span>
     <span class='ocr_line' id='line_1_34' title="bbox 201 3909 1369 3997; baseline -0.004 -13"><span class='ocrx_word' id='word_1_267' title='bbox 201 3938 367 3984; x_wconf 67' lang='lat' dir='ltr'>resecare</span> <span class='ocrx_word' id='word_1_268' title='bbox 390 3914 465 3979; x_wconf 87' lang='lat' dir='ltr'>Alc.</span> <span class='ocrx_word' id='word_1_269' title='bbox 492 3921 558 3996; x_wconf 82' lang='lat' dir='ltr'>o‚5;</span> <span class='ocrx_word' id='word_1_270' title='bbox 585 3913 643 3979; x_wconf 85' lang='lat' dir='ltr'>cfr.</span> <span class='ocrx_word' id='word_1_271' title='bbox 668 3913 781 3996; x_wconf 91' lang='lat' dir='ltr'>Lupus</span> <span class='ocrx_word' id='word_1_272' title='bbox 797 3909 1040 3996; x_wconf 79' lang='lat' dir='ltr'>‘Spraohgehr‘</span> <span class='ocrx_word' id='word_1_273' title='bbox 1066 3932 1096 3994; x_wconf 92' lang='lat' dir='ltr'>p.</span> <span class='ocrx_word' id='word_1_274' title='bbox 1115 3911 1204 3997; x_wconf 84' lang='lat'><strong>205),</strong></span> <span class='ocrx_word' id='word_1_275' title='bbox 1231 3913 1314 3979; x_wconf 89' lang='lat' dir='ltr'>alios</span> <span class='ocrx_word' id='word_1_276' title='bbox 1332 3950 1369 3960; x_wconf 93' lang='lat'><em>-</em></span> 
     </span>
     <span class='ocr_line' id='line_1_35' title="bbox 202 4018 1373 4102; baseline -0.003 -16"><span class='ocrx_word' id='word_1_277' title='bbox 202 4019 261 4087; x_wconf 88' lang='lat' dir='ltr'>cfr.</span> <span class='ocrx_word' id='word_1_278' title='bbox 286 4020 427 4086; x_wconf 87' lang='lat' dir='ltr'>Kiihner</span> <span class='ocrx_word' id='word_1_279' title='bbox 449 4039 482 4102; x_wconf 94' lang='lat' dir='ltr'>p.</span> <span class='ocrx_word' id='word_1_280' title='bbox 510 4025 593 4083; x_wconf 84' lang='lat'>1052</span> <span class='ocrx_word' id='word_1_281' title='bbox 618 4023 702 4087; x_wconf 85' lang='lat' dir='ltr'>extr.</span> <span class='ocrx_word' id='word_1_282' title='bbox 727 4019 782 4101; x_wconf 89' lang='lat' dir='ltr'>qui</span> <span class='ocrx_word' id='word_1_283' title='bbox 805 4019 893 4085; x_wconf 90' lang='lat' dir='ltr'>haud</span> <span class='ocrx_word' id='word_1_284' title='bbox 916 4018 1178 4100; x_wconf 90' lang='lat' dir='ltr'>improbabiliter</span> <span class='ocrx_word' id='word_1_285' title='bbox 1201 4018 1373 4086; x_wconf 82' lang='lat' dir='ltr'>existimat</span> 
     </span>
    </p>
   </div>
   <div class='ocr_carea' id='block_1_6' title="bbox 199 4212 1373 4536">
    <p class='ocr_par' dir='ltr' id='par_1_10' title="bbox 199 4212 1373 4536">
     <span class='ocr_line' id='line_1_36' title="bbox 291 4212 1371 4283; baseline -0.003 -14"><span class='ocrx_word' id='word_1_286' title='bbox 291 4215 314 4283; x_wconf 85' lang='lat'>1)</span> <span class='ocrx_word' id='word_1_287' title='bbox 334 4213 463 4276; x_wconf 80' lang='lat' dir='ltr'>Ceterum</span> <span class='ocrx_word' id='word_1_288' title='bbox 480 4213 509 4268; x_wconf 90' lang='lat' dir='ltr'>in</span> <span class='ocrx_word' id='word_1_289' title='bbox 528 4213 580 4268; x_wconf 89' lang='lat' dir='ltr'>hoc</span> <span class='ocrx_word' id='word_1_290' title='bbox 599 4212 783 4268; x_wconf 84' lang='lat' dir='ltr'>abundantiae</span> <span class='ocrx_word' id='word_1_291' title='bbox 801 4229 904 4283; x_wconf 82' lang='lat' dir='ltr'>genera</span> <span class='ocrx_word' id='word_1_292' title='bbox 922 4228 1002 4268; x_wconf 88' lang='lat' dir='ltr'>nemo</span> <span class='ocrx_word' id='word_1_293' title='bbox 1021 4212 1050 4268; x_wconf 90' lang='lat' dir='ltr'>iu</span> <span class='ocrx_word' id='word_1_294' title='bbox 1068 4213 1227 4268; x_wconf 85' lang='lat' dir='ltr'>memoriam</span> <span class='ocrx_word' id='word_1_295' title='bbox 1242 4212 1298 4268; x_wconf 81' lang='lat' dir='ltr'>eibi</span> <span class='ocrx_word' id='word_1_296' title='bbox 1316 4227 1371 4267; x_wconf 89' lang='lat' dir='ltr'>non</span> 
     </span>
     <span class='ocr_line' id='line_1_37' title="bbox 204 4298 1373 4374; baseline -0.006 -16"><span class='ocrx_word' id='word_1_297' title='bbox 204 4303 348 4360; x_wconf 82' lang='lat' dir='ltr'>revocabit</span> <span class='ocrx_word' id='word_1_298' title='bbox 366 4303 452 4357; x_wconf 85' lang='lat' dir='ltr'>verba</span> <span class='ocrx_word' id='word_1_299' title='bbox 474 4302 643 4368; x_wconf 81' lang='lat' dir='ltr'>Thucydidis</span> <span class='ocrx_word' id='word_1_300' title='bbox 668 4303 706 4373; x_wconf 88' lang='lat' dir='ltr'>(ll</span> <span class='ocrx_word' id='word_1_301' title='bbox 729 4305 764 4356; x_wconf 81' lang='lat'>36</span> <span class='ocrx_word' id='word_1_302' title='bbox 787 4301 861 4373; x_wconf 90' lang='lat' dir='ltr'>init.)</span> <span class='ocrx_word' id='word_1_303' title='bbox 880 4301 1007 4374; x_wconf 75' lang='grc' dir='ltr'><em>Ἄρξομαι</em></span> <span class='ocrx_word' id='word_1_304' title='bbox 1030 4298 1053 4352; x_wconf 79' lang='lat' dir='ltr'>d&#39;</span> <span class='ocrx_word' id='word_1_305' title='bbox 1073 4300 1129 4352; x_wconf 78' lang='grc' dir='ltr'>ἀπὸ</span> <span class='ocrx_word' id='word_1_306' title='bbox 1151 4303 1209 4353; x_wconf 74' lang='grc' dir='ltr'>τῶν</span> <span class='ocrx_word' id='word_1_307' title='bbox 1230 4301 1373 4373; x_wconf 72' lang='grc' dir='ltr'>προγόνων</span> 
     </span>
     <span class='ocr_line' id='line_1_38' title="bbox 199 4390 1370 4464; baseline 0.001 -22"><span class='ocrx_word' id='word_1_308' title='bbox 199 4393 318 4464; x_wconf 75' lang='grc' dir='ltr'><strong><em>πρῶτον.</em></strong></span> <span class='ocrx_word' id='word_1_309' title='bbox 356 4390 526 4460; x_wconf 76' lang='lat' dir='ltr'>Quamquam</span> <span class='ocrx_word' id='word_1_310' title='bbox 549 4392 660 4448; x_wconf 88' lang='lat' dir='ltr'>minime</span> <span class='ocrx_word' id='word_1_311' title='bbox 684 4391 745 4446; x_wconf 91' lang='lat' dir='ltr'>dico</span> <span class='ocrx_word' id='word_1_312' title='bbox 764 4391 897 4447; x_wconf 86' lang='lat' dir='ltr'>Varronis</span> <span class='ocrx_word' id='word_1_313' title='bbox 921 4390 1119 4446; x_wconf 88' lang='lat' dir='ltr'>abundantiam</span> <span class='ocrx_word' id='word_1_314' title='bbox 1143 4406 1192 4460; x_wconf 90' lang='lat' dir='ltr'>pro</span> <span class='ocrx_word' id='word_1_315' title='bbox 1217 4390 1370 4460; x_wconf 82' lang='lat' dir='ltr'>graecismo</span> 
     </span>
     <span class='ocr_line' id='line_1_39' title="bbox 200 4479 439 4536; baseline 0.004 -2"><span class='ocrx_word' id='word_1_316' title='bbox 200 4494 261 4534; x_wconf 83' lang='lat' dir='ltr'>cese</span> <span class='ocrx_word' id='word_1_317' title='bbox 279 4479 439 4536; x_wconf 85' lang='lat' dir='ltr'>habandam.</span> 
     </span>
    </p>
   </div>
   <div class='ocr_carea' id='block_1_7' title="bbox 0 0 1596 5032">
    <p class='ocr_par' dir='ltr' id='par_1_11' title="bbox 0 0 1596 5032">
     <span class='ocr_line' id='line_1_40' title="bbox 0 0 1596 5032; baseline 0 0"><span class='ocrx_word' id='word_1_318' title='bbox 0 0 1596 5032; x_wconf 95' lang='lat' dir='ltr'> </span> 
     </span>
    </p>
   </div>
  </div>
 </body>
</html>
