3184 5034
720 1303 819 1372 Pars
842 1303 895 1372 II.

322 1463 423 1582 De
462 1466 841 1582 elocutione
877 1463 1303 1584 Varroniano

628 1641 766 1726 capita
789 1645 988 1724 quattuor.

752 1789 859 1796 ——-.-..-

717 1871 848 1958 Oaput
870 1875 898 1942 I.

545 1996 600 2066 De
624 1995 858 2067 abundantia
881 1997 1078 2068 sermonis

762 2123 858 2204 §aa

312 2227 394 2294 Oum
419 2227 508 2310 apud
527 2227 650 2294 nullum
666 2227 860 2310 scriptorem
876 2227 987 2294 desint
1003 2228 1154 2311 exempla
1171 2228 1396 2296 abundantiae

225 2333 409 2417 cuiusdam,
445 2333 604 2417 imprimis
639 2334 726 2416 apud
760 2352 816 2400 eos
851 2333 993 2402 inveniri
1022 2339 1181 2417 poterunt
1211 2336 1267 2417 qui
1298 2355 1396 2418 quam

225 2441 372 2524 proxime
412 2441 575 2508 accedunt
610 2441 653 2507 ad
688 2459 867 2508 sermonem
902 2441 1075 2526 vulgarem
1109 2461 1205 2524 quem
1238 2442 1398 2510 eiusmodi

223 2548 355 2630 plenam
385 2548 603 2615 elocutionem
630 2547 666 2614 in
690 2547 818 2615 deliciis
841 2549 964 2616 habere
988 2549 1091 2616 etiam
1115 2549 1202 2634 apud
1225 2552 1397 2617 nostrates

222 2654 438 2738 cognoscitur
452 2654 488 2742 ¹).

314 2761 370 2829 Sic
393 2759 510 2830 Cicero
542 2779 605 2843 quo
635 2761 741 2828 maior
768 2765 852 2828 natu
880 2780 1039 2844 quemque
1062 2761 1180 2829 librum
1204 2761 1396 2843 composuit,

224 2887 262 2935 eo
296 2868 404 2952 magis
441 2885 462 2934 a
498 2867 699 2950 pleonasmis
733 2868 789 2950 qui
828 2869 983 2936 dicuntur
1020 2869 1185 2936 abstinuit
1200 2867 1241 2956 2);
1281 2875 1399 2936 contra

224 2973 356 3041 libellus
380 2975 420 3040 de
436 2974 533 3040 Bello
548 2973 767 3056 Hispaniensi
790 2974 882 3041 cuius
906 2979 1033 3057 auctor,
1058 2974 1183 3057 siquis
1207 2974 1303 3056 alius,
1327 2976 1398 3044 vul-

226 3080 302 3166 gari
325 3098 473 3148 sermone
496 3079 612 3160 111111,
638 3080 787 3147 abundat
809 3080 1010 3164 pleonasmis
1026 3079 1058 3162 ⁸).

315 3186 457 3256 Omnino
481 3205 546 3254 non
570 3187 652 3254 adeo
676 3206 776 3271 saepe
798 3187 1010 3270 proferuntur
1031 3188 1180 3270 exempla
1196 3187 1398 3272 singulorum

224 3293 422 3377 scriptorum
446 3293 589 3378 propria,
616 3295 675 3362 sed
697 3295 795 3378 longe
810 3295 1000 3377 plerumque
1017 3314 1058 3361 11
1073 3312 1157 3376 quae
1173 3295 1261 3377 apud
1276 3297 1397 3364 multos

226 3400 405 3483 scriptores
428 3401 575 3468 redeunt.
614 3400 671 3468 Sic
694 3401 855 3472 Varronis
879 3401 943 3468 loci
966 3401 1022 3482 qui
1044 3402 1107 3467 huc
1130 3401 1268 3486 faciunt,
1293 3401 1397 3468 maxi-

320 3595 341 3660 1)
361 3593 422 3661 Qua
446 3593 480 3649 de
505 3609 536 3648 re
560 3593 610 3649 cir.
630 3592 782 3663 Segebade,
801 3593 875 3650 Diss.
894 3593 956 3648 Hal.
976 3594 1015 3649 IV
1035 3594 1095 3648 198.
1133 3590 1304 3661 Quamquam
1321 3596 1399 3650 recte

226 3687 321 3737 monet
339 3682 468 3737 thnast
485 3699 511 3752 p.
530 3684 597 3752 sto,
617 3697 699 3752 saepe
718 3681 916 3737 abundantiam
935 3697 1005 3750 quae
1023 3682 1152 3737 videatur
1176 3681 1238 3750 pari
1264 3683 1324 3738 iure
1348 3699 1398 3753 pro

227 3771 355 3826 ubertate
379 3770 468 3840 accipi
492 3787 589 3841 posse,
614 3771 638 3826 si
663 3769 772 3839 quidem
798 3771 831 3826 de
856 3771 961 3825 duobus
980 3770 1105 3826 terminis
1125 3771 1259 3828 similibus
1278 3773 1398 3828 alterum

228 3859 317 3916 altero
337 3859 519 3928 qualicunque
537 3860 646 3915 ratione
665 3860 807 3915 immutari
826 3876 858 3915 ac
878 3858 987 3914 deflecti
1007 3866 1131 3916 statuere
1149 3860 1247 3931 possis.

318 3947 341 4020 ⁹)
362 3949 421 4016 Qua
440 3949 474 4004 de
493 3965 525 4004 11
545 3949 594 4004 111,
614 3948 757 4004 Η111111111
775 3949 837 4006 Act.
852 3948 922 4005 Sem.
936 3948 1020 4004 Eril
1041 3950 1100 4016 165,
1119 3949 1281 4004 Tbielmann
1299 3966 1324 4019 p.
1339 3950 1400 4005 361.

232 4035 264 4091 ln
283 4036 454 4092 orationibus
472 4037 634 4106 Philippicis
653 4052 769 4106 quarum
788 4054 877 4093 sermo
897 4037 980 4093 etiam
1000 4036 1063 4093 aliis
1081 4036 1110 4093 in
1133 4039 1216 4094 rebus
1235 4038 1271 4092 ad
1294 4037 1400 4106 priores

228 4124 318 4181 libros
337 4126 451 4195 propius
471 4128 579 4182 accedit
597 4126 782 4183 abundantiae
801 4126 926 4197 exempla
943 4142 998 4181 non
1016 4141 1080 4181 1111
1098 4126 1217 4183 inveniri
1235 4126 1315 4181 docet
1326 4126 1401 4181 Hau·

229 4213 317 4268 schild
335 4213 408 4270 Dies.
427 4215 491 4270 Hal.
511 4216 630 4270 11181.

320 4301 417 4372 81011.
460 4303 623 4374 Degenhart
644 4303 688 4358 ‘de
711 4302 833 4358 auctoris
861 4303 932 4358 Belli
956 4301 1148 4372 Hispaniensis
1178 4300 1342 4358 elocutioue'
1373 4319 1400 4372 p.

230 4392 245 4443 2
265 4405 325 4459 sqq.
364 4391 436 4446 Vide
460 4391 545 4446 etiem
562 4391 669 4446 deler
691 4391 735 4447 ‘do
760 4396 834 4447 auct.
854 4391 926 4446 Belli
943 4391 1003 4447 111.
1024 4398 1053 4446 11
1069 4391 1147 4460 Hisp.
1171 4390 1321 4448 latinitate’
1338 4391 1401 4448 lor.

230 4476 301 4534 Sem.
320 4478 377 4534 Eri.
397 4479 483 4533 1445
503 4484 532 4534 et
550 4479 594 4550 (de
615 4480 692 4535 Bello
712 4479 817 4552 Africo)
836 4479 963 4537 Wolfflin
981 4479 1064 4552 11111.
1083 4479 1123 4538 Vl
1141 4480 1194 4536 103
1212 4496 1253 4550 sq.
