3184 5034
720 254 940 314 ..51-

790 429 884 506 §aa

337 535 379 601 Iu
411 533 561 600 oratione
593 532 726 615 oblique
758 550 829 599 cum
853 535 986 602 veteres
1016 532 1222 617 potissimum
1246 533 1425 617 scriptores

249 641 441 722 omninoque
473 639 504 707 ei
535 640 591 722 qni
622 658 804 707 sermonem
835 638 1036 707 cotidianum
1073 640 1108 706 in
1143 641 1237 708 libris
1270 641 1338 710 suis
1371 661 1425 708 ex·

249 747 499 833 presserunt1),
531 748 566 813 in
597 746 782 813 enuntiatis
812 747 966 815 relativis
997 746 1138 829 aliisque
1169 747 1354 815 enuntiatis
1377 748 1425 815 in·

250 855 424 922 ferioribus
447 872 512 920 non
535 873 610 920 raro
633 853 850 922 indicativum
873 853 1083 936 retinuerint,
1108 853 1211 921 etiem
1234 854 1322 937 apud
1336 857 1424 926 Ver·

249 980 361 1028 renem
384 962 470 1028 hunc
485 979 718 1042 nonnunquam
733 960 926 1039 invenimus,
951 960 1007 1027 nbi
1023 979 1044 1026 a
1060 961 1222 1028 communi
1237 980 1299 1029 usu
1313 962 1425 1045 paullo

250 1068 387 1136 recedit.
435 1066 502 1135 (lfr.
527 1068 616 1136 locos
639 1067 699 1136 hos
723 1068 840 1150 quibus
863 1067 1079 1136 indicativum
1104 1069 1262 1136 exhibent

339 1175 374 1262 a)
403 1175 578 1242 enuntiata
609 1175 768 1242 relativa:
808 1176 906 1259 19,r
938 1178 1026 1259 Qooe
1056 1180 1098 1244 ott
1127 1179 1243 1246 idoneo
1272 1186 1361 1247 terro
1385 1227 1424 1246 ..

248 1285 292 1352 D.
321 1285 431 1352 scribit
458 1285 553 1370 sipon
581 1286 667 1351 euml
689 1307 783 1368 pocae
810 1292 868 1351 out
895 1307 934 1351 eor
961 1286 1032 1363 lpse
1060 1291 1118 1351 aut
1141 1304 1221 1366 proce
1243 1291 1427 1353 coematur

249 1413 289 1458 ec
310 1391 371 1475 ila·
402 1390 435 1460 V
459 1395 477 1452 2
502 1393 740 1458 demonstrator
767 1394 806 1459 loo
829 1414 890 1475 pao
913 1413 982 1458 noro
1008 1392 1093 1458 dedet
1117 1391 1268 1476 pertendi
1297 1399 1326 1460 et
1351 1415 1425 1477 per-

249 1498 402 1581 tenditur,
426 1498 648 1565 Pertlrooclom
671 1520 752 1581 esea·
775 1496 866 1566 VIII
883 1501 923 1559 69
949 1499 1050 1579 Quom
1065 1506 1241 1582 prometto
1255 1499 1320 1565 duo
1339 1500 1426 1567 later

248 1626 281 1671 se
303 1605 424 1672 clmlllo
447 1605 515 1673 slat
534 1627 643 1689 necue,
667 1627 737 1673 aon
751 1607 858 1672 dedere
873 1606 1073 1673 eutrlrwecos
1087 1607 1215 1673 adsum
1231 1629 1289 1673 ocor
1304 1607 1426 1674 similla

249 1719 343 1795 sunt·
373 1710 430 1776 IX
454 1717 495 1773 46
520 1713 705 1797 respondeo,
730 1714 759 1779 sl
781 1713 921 1780 odoldus
943 1713 1146 1796 iocunditas,
1171 1715 1274 1800 mepte
1297 1714 1426 1781 nouum

254 1841 318 1886 esse
349 1820 387 1886 la
417 1841 478 1903 prro
510 1820 576 1888 olio
607 1827 685 1886 aaut
715 1820 852 1903 elmlllo,
884 1820 951 1886 ello
980 1841 1050 1888 noa
1083 1827 1162 1887 aaut
1177 1816 1204 1903 ²)
1240 1818 1289 1885 sic
1319 1818 1424 1885 etiam

248 1923 280 1994 V
307 1929 384 1987 147:
410 1927 655 2010 ..appellatura
677 1926 850 1994 Macellum
877 1933 914 1994 rot
941 1928 1072 2010 paidom
1099 1928 1245 1994 sallom
1272 1928 1356 2010 qood
1382 1928 1427 1994 ill

248 2031 352 2113 faerit
378 2034 504 2108 hortos,
533 2034 592 2100 olll
615 2035 700 2118 qood
726 2034 771 2100 tol
793 2036 905 2101 domae
931 2035 1045 2118 faerit,
1078 2035 1131 2100 ool
1154 2055 1325 2120 capreorum
1347 2035 1427 2119 fait

250 2139 422 2223 Macellus,
454 2158 534 2218 quoe
568 2141 613 2206 lor·
641 2141 768 2224 pollice
806 2142 850 2207 stt
879 2141 990 2210 diruto
1005 2137 1042 2223 8).
1096 2139 1144 2204 ut
1179 2137 1213 2204 in
1252 2137 1425 2204 enuntiato

248 2243 391 2310 relativo
428 2263 470 2310 ex
503 2244 766 2328 interrogatione
802 2244 934 2326 obliqua
969 2261 1127 2326 suspenso
1160 2246 1199 2311 Π
1232 2250 1306 2328 1,24
1336 2247 1426 2316 Sclre

253 2359 372 2438 oportet
395 2360 470 2437 quot
491 2354 632 2439 feminas
653 2354 765 2421 lodeot
787 2371 868 2432 quoe
884 2375 1002 2437 perere
1019 2359 1166 2438 possunt.

337 2457 373 2544 b)
401 2457 577 2524 enuntiate
608 2457 805 2541 temporalia
836 2460 945 2542 (comp
976 2458 1113 2536 111‚2a
1146 2482 1215 2528 noo
1245 2461 1349 2528 slllc
1373 2511 1379 2526 .
1406 2509 1424 2542 .,

250 2589 323 2633 croc
342 2568 468 2651 peperit
482 2568 580 2651 mula
604 2569 647 2634 alt
659 2574 853 2652 portentum,
877 2568 1035 2635 odseatlrl
1050 2589 1158 2634 omnes
1173 2575 1295 2650 terros;
1311 2565 1344 2633 V
1363 2570 1423 2629 105

249 2673 326 2740 hoec
350 2670 432 2750 (scil.
458 2670 546 2758 puls)
570 2675 729 2758 appellata
751 2676 799 2742 oel
821 2676 905 2759 qood
926 2675 975 2742 ito
1000 2670 1119 2741 Graeci
1141 2675 1188 2740 oel
1218 2675 1256 2741 od
1280 2696 1314 2740 eo
1338 2675 1424 2742 uode

248 2780 359 2846 scribit
373 2778 594 2864 Apollodorus
619 2783 702 2863 qood
724 2782 770 2849 lto
793 2788 883 2848 sonet
897 2803 970 2848 cam
985 2801 1087 2866 oquoe
1101 2782 1241 2865 faventi
1256 2780 1423 2866 laslpo'tor.

339 2883 370 2968 o)
394 2883 570 2950 enuntiata
586 2885 735 2951 causalia
753 2885 878 2972 (qaod):
902 2887 936 2956 V
955 2891 1016 2950 150
1042 2885 1212 2955 Cornelios
1227 2895 1256 2954 et
1271 2885 1425 2956 [octatius

249 2994 395 3060 salbano
422 3015 495 3060 eum
522 2994 624 3060 locum
652 3016 717 3061 esse
743 2995 940 3080 folparltom
966 3001 996 3062 el
1022 3017 1061 3064 ero
1082 2993 1114 3062 S.
1140 2992 1172 3060 G.
1197 3001 1320 3078 septum
1342 3016 1426 3077 ease·

249 3101 285 3166 ld
312 3102 396 3184 qood
421 3102 544 3186 factum
570 3108 625 3167 est
651 3123 672 3168 o
701 3098 813 3169 Curtio
841 3103 981 3174 console,
1010 3102 1064 3169 cccl
1090 3100 1138 3166 M.
1168 3101 1330 3169 Grattius
1359 3103 1427 3185 foll

250 3208 380 3292 collepa,
407 3203 556 3274 Gaulum
579 3209 779 3292 appellatam.
826 3208 860 3277 V
884 3211 925 3269 34
948 3229 1025 3294 uper
1046 3209 1150 3275 dictus
1172 3259 1178 3274 .
1203 3257 1209 3273 .
1233 3257 1239 3274 .
1260 3208 1321 3275 alil
1344 3207 1427 3289 qood

249 3313 285 3380 ld
312 3311 431 3380 Graeci
454 3314 568 3381 dicum
591 3308 690 3393 ἀγρόν
704 3311 741 3398 4).
787 3312 845 3379 ΙΧ
871 3319 931 3377 101
957 3317 1021 3379 etc.

342 3523 363 3592 ¹)
381 3520 438 3577 Cir.
464 3521 640 3577 Badsttibner
663 3522 707 3578 ‘de
731 3521 857 3578 Sallustii
880 3540 908 3594 g.
927 3522 962 3578 d.’
986 3539 1050 3593 pag.
1074 3523 1122 3590 403
1145 3520 1286 3575 Hotmenn
1310 3521 1346 3575 ed
1369 3519 1425 3576 (tic.

254 3610 307 3680 Ep.
325 3611 339 3664 l
359 3626 421 3681 pag.
442 3611 508 3679 1053
528 3611 653 3665 Schmolz
672 3613 687 3679 ξ
707 3611 759 3665 236
778 3635 813 3657 =
833 3611 876 3681 'p
895 3613 947 3666 492
967 3610 1053 3682 („Der
1070 3608 1244 3680 Konjunktiv
1267 3609 1309 3664 als
1332 3613 1426 3665 unter-

253 3700 421 3770 geordneter
441 3699 539 3755 Modus
557 3701 596 3754 ist
614 3700 684 3755 noch
702 3699 779 3754 nicht
796 3700 970 3770 vollsttndig
988 3715 1051 3755 aum
1068 3698 1249 3754 Durohbruoh
1268 3699 1426 3768 gelangt.“)

346 3789 367 3859 ⁹)
388 3790 493 3845 Contra
510 3790 539 3845 in
559 3789 643 3845 simili
659 3788 847 3859 propositione
866 3788 1068 3845 coniunctirum
1087 3787 1207 3856 scriptor
1224 3785 1371 3857 usurparit
1385 3787 1427 3842 IX

254 3880 287 3932 72
307 3876 352 3932 Aa
369 3893 438 3948 puae
457 3877 518 3933 dico
536 3878 566 3933 id
584 3895 615 3933 eo
631 3879 698 3949 fieri
714 3878 789 3950 procl
806 3883 908 3934 natura
926 3894 1004 3933 acmo
1017 3876 1093 3932 lusco
1110 3877 1199 3947 mapls
1211 3876 1246 3932 slt
1259 3875 1353 3931 luscus
1365 3893 1425 3932 cum

253 3965 361 4022 stultior
376 3967 443 4037 fieri
460 3967 592 4023 videatur.

347 4055 368 4124 ³)
388 4053 445 4110 cfr.
473 4071 533 4110 cum
555 4056 607 4111 hoc
631 4057 690 4112 loco
719 4073 753 4112 ea
781 4071 851 4124 quoe
881 4055 1013 4124 leguntur
1036 4054 1066 4108 11
1092 4054 1151 4121 5,3:
1180 4053 1228 4109 alli
1255 4054 1428 4124 compserunt

255 4142 327 4214 (scil.
346 4143 459 4199 ltaliam
478 4160 539 4201 esse
558 4145 738 4215 appellatam)
757 4144 831 4215 qood
849 4160 887 4200 cor
906 4141 1001 4198 Sicilia
1013 4141 1150 4198 Hercules
1158 4146 1323 4215 persecutus
1341 4141 1377 4196 sit
1395 4157 1426 4196 co

254 4231 370 4287 nobilem
389 4238 507 4300 taurum,
526 4236 575 4305 qui
591 4235 767 4290 diceretur
785 4232 875 4287 italas.

346 4321 369 4392 ⁴)
388 4322 520 4378 Similiter
540 4324 584 4393 (nt
602 4323 672 4378 aliae
692 4321 897 4377 enuntiatorum
914 4321 1019 4376 formas
1032 4317 1195 4388 subiungam
1207 4317 1236 4372 in
1249 4314 1347 4385 quibus
1359 4315 1427 4371 item

255 4410 413 4468 sententiae
427 4411 607 4468 secundariae
625 4416 658 4466 ut
677 4425 711 4467 ex
728 4413 821 4466 mente
841 4408 958 4464 subiecti
975 4405 1172 4478 pronuntiatae
1190 4410 1220 4462 at
1238 4420 1299 4461 oum
1318 4405 1426 4461 enunti-

256 4505 302 4553 ato
320 4501 452 4569 primario
472 4500 578 4558 arctius
603 4500 783 4558 cohaerentes
806 4497 879 4568 apud
898 4497 1085 4570 elegantiores
1104 4495 1256 4568 scriptores
1275 4493 1426 4552 coniuncti·

1230 4600 1265 4658 4*
