3184 5034
745 431 908 576 Vita.

327 717 370 782 In
405 715 520 800 oppido
555 715 720 784 saxoniae
755 714 966 803 Hohenstein
1000 718 1101 782 natus
1137 734 1207 784 sum
1241 716 1408 783 Robertns

11 797 19 830 '
156 818 160 828 ’
237 822 403 890 Ricardus
434 821 653 908 Krumbiegel
683 839 769 888 anno
801 821 832 886 h.
865 840 890 887 s.
920 819 1071 892 LXVII·
1100 839 1131 886 a.
1164 821 1194 887 d.
1225 821 1292 888 ΠΙ.
1321 821 1407 889 Non.

80 927 83 932 '
157 919 184 956 ·'
238 929 319 997 Mai.
336 933 433 1011 patre
448 921 613 1013 Roberto,
638 933 744 1020 matre
767 927 938 995 Ludovica
962 946 985 993 e
1003 929 1104 1011 gente
1119 927 1323 995 Weberiana
1346 929 1408 995 ori-

178 1021 181 1026 *
237 1036 335 1118 unda,
360 1053 441 1118 quos
464 1035 555 1101 inter
575 1034 669 1103 vivos
693 1025 766 1102 esse
790 1052 993 1116 summopere
1015 1033 1153 1118 gaudeo.
1197 1033 1314 1101 Fidem
1335 1054 1408 1117 pro·

237 1141 334 1208 liteor
357 1141 593 1226 evangelicam.

269 1312 271 1314 ,
325 1247 561 1314 Hohensteinii
595 1246 790 1314 rudimentis
823 1246 969 1314 imbutus
1004 1264 1089 1313 anno
1117 1245 1289 1314 LXXXI.
1320 1246 1409 1315 inter

240 1353 407 1438 gymnasii
431 1353 687 1448 Ohemnitiensis
716 1352 893 1436 discipulos
911 1356 1075 1437 receptus
1099 1371 1179 1435 sum,
1204 1351 1295 1420 cuius
1317 1361 1408 1438 post·

239 1480 336 1543 quem
364 1479 423 1528 sex
450 1461 582 1529 ordines
609 1463 764 1544 percurri,
794 1479 872 1527 vere
902 1459 981 1527 anni
1010 1459 1237 1530 LXXXVH.
1268 1460 1410 1543 adeptus

237 1586 308 1633 snm
337 1566 545 1633 maturitatis
570 1567 654 1648 quod
678 1566 793 1634 dicunt
815 1566 1049 1634 testimonium.
1086 1563 1140 1631 Ac
1162 1583 1221 1647 per
1242 1571 1410 1635 aestatem

238 1672 368 1754 quidem
391 1672 461 1739 eius
486 1673 565 1740 anni
587 1672 760 1759 Tubingae
784 1677 1002 1748 commoratus
1024 1671 1162 1739 interfui
1182 1672 1303 1740 scholis
1327 1693 1410 1756 quas

240 1781 427 1847 habuerunt
443 1781 579 1866 Herzog
595 1780 726 1865 Kugler
743 1780 904 1848 Schwabe
920 1779 1053 1849 Sievers
1070 1778 1231 1864 Sigwarn
1247 1784 1409 1866 'autumno

239 1905 317 1954 vero
340 1886 374 1953 in
392 1887 477 1953 hanc
492 1887 681 1955 litterarum
697 1888 808 1956 sedem
823 1906 875 1954 me
891 1886 1017 1955 contuli
1039 1885 1095 1953 nbi
1118 1885 1275 1954 docentes
1298 1886 1411 1956 audivi

238 1992 327 2060 viros
353 1992 560 2060 doctissimos
583 1993 892 2061 Birch·Hirschfeld
908 1995 1099 2078 Brugmann
1115 1991 1287 2062 Oichorins
1304 1995 1410 2061 Ebert

242 2097 481 2167 Gardthausen
509 2100 639 2167 Heinae
667 2100 802 2182 Lipsius
830 2101 1108 2168 Maurenbrecher
1131 2100 1307 2170 Overbech
1328 2101 1409 2167 Rib-

239 2205 326 2272 beck
347 2205 489 2272 Richter
504 2206 727 2272 Wachsmuth
742 2207 873 2274 Wundt
889 2207 951 2273 Ed.
968 2208 1122 2274 Zamcke
1137 2206 1227 2274 Frid.
1244 2208 1408 2274 Zamcke.

236 2313 420 2380 Praeterea
457 2330 529 2379 cum
560 2313 595 2378 in
612 2313 860 2396 -proseminario
891 2314 1163 2397 praeceptoribus
1194 2331 1273 2381 usus
1303 2329 1409 2381 essem

238 2418 417 2485 Hansseno
449 2418 564 2501 Lipsio
597 2418 792 2495 Ribbechio,
824 2438 883 2502 per
913 2418 982 2485 tria
1012 2419 1187 2486 semestria
1216 2419 1409 2504 regentibus

237 2522 353 2605 Lipsio
384 2524 569 2591 Ribbechio
601 2525 856 2592 Wachsmuthio
891 2524 1061 2592 seminarii
1093 2525 1252 2610 philologi
1285 2524 1409 2592 sodalis

238 2628 424 2695 ordinarius
457 2630 578 2698 audivi.
625 2631 673 2697 Hi
704 2631 807 2697 etiam
838 2631 881 2696 ad
912 2631 1093 2699 societates
1118 2631 1245 2697 aditum
1267 2631 1409 2715 benigne

237 2733 317 2800 mihi
340 2741 587 2803 concessemnt:
612 2736 791 2804 Ribbeokii
815 2736 972 2804 societati
994 2755 1053 2820 per
1069 2736 1210 2819 quinque
1234 2737 1410 2805 semestria

238 2839 461 2924 adscribebar‚
487 2842 736 2909 Wachsmuthii
768 2862 825 2924 per
856 2848 910 2910 ter
932 2861 1029 2909 senos
1051 2861 1190 2926 menses,
1221 2842 1329 2926 Lipsii
1352 2862 1411 2926 per

238 2963 370 3012 annum.
417 2948 484 3013 Per
508 2946 594 3014 idern
617 2952 747 3031 tempus
771 2948 908 3016 interfui
931 2948 1225 3016 exercitationibus
1241 2948 1410 3017 historicis

236 3050 401 3132 Oichorii,
437 3053 582 3121 eiusdem
616 3055 793 3122 seminario
827 3055 985 3123 historico
1019 3075 1079 3138 per
1114 3056 1193 3122 anni
1231 3055 1408 3123 dimidium.

235 3156 426 3242 Paedagico
451 3164 562 3227 autem
586 3160 761 3228 seminario
785 3161 939 3229 Richteri
970 3161 1181 3228 etiamnunc
1205 3162 1408 3241 adnumeror,

237 3263 318 3330 item
342 3266 530 3334 romanensi
546 3268 631 3350 quod
646 3267 959 3336 Ruth-Hirschfeld
982 3266 1173 3336 moderatur
1188 3273 1223 3335 et
1239 3268 1410 3337 theodisco

236 3371 321 3450 quod
343 3372 432 3456 regit
456 3373 496 3440 de
518 3374 662 3441 Bahder.

325 3478 398 3543 Hos
424 3496 535 3545 omnes
551 3483 785 3563 praeceptores
804 3500 894 3549 meos
914 3484 1013 3565 grato
1030 3479 1138 3548 animo
1161 3481 1314 3564 prosequi
1329 3498 1409 3547 nun·

235 3600 333 3662 quam
362 3581 521 3661 desinam,
551 3583 710 3666 imprimis
735 3584 921 3653 Oichorium
937 3585 1087 3670 Lipsium
1108 3585 1408 3667 Wachsmuthium,

234 3687 352 3769 quique
375 3689 410 3756 in
433 3690 497 3757 hac
528 3689 766 3760 dissertatione
798 3691 972 3760 scribenda
1003 3693 1157 3779 egregins
1190 3692 1302 3761 fautor
1329 3692 1409 3761 mihi

229 3794 380 3872 exstitit,
404 3797 632 3864 Ribbechium.

322 3901 491 3986 Denique,
527 3907 564 3970 ut
608 3905 780 3974 absolvam
814 3906 900 3972 hanc
935 3905 1116 3973 studiorum
1152 3906 1408 3983 enarrationem,

234 4005 350 4074 lubens
375 4027 503 4092 semper
526 4010 726 4078 recordabor
749 4015 907 4094 quantum
937 4012 1080 4080 hactum
1108 4031 1149 4080 ex
1174 4011 1351 4080 amicorum
1373 4013 1408 4079 in

234 4113 394 4182 sodalicio
423 4114 590 4202 philologo
615 4118 851 4187 consuetudine
874 4119 1086 4205 perceperim.

712 4419 923 4440 rvvxlvvvvvvvv«
