3184 5034
676 284 892 340 „90-

197 459 315 523 contra
338 454 531 524 vocabulum
555 457 723 522 dumtaxat
747 450 1005 536 coniungendam
1028 454 1103 518 orat
1127 471 1254 519 cumea
1271 471 1370 520 enun-

197 561 278 629 tiati
301 562 444 629 membro
467 579 529 642 quc
554 559 700 626 condicio
724 559 891 643 generalis
915 557 1118 643 exprimitur,
1142 558 1274 626 minime
1299 577 1372 626 cum

197 667 346 750 quolibet
369 667 526 750 exemplo.
572 665 667 751 Quod
689 669 781 732 recte
804 683 1004 750 cognoscens
1021 663 1202 732 Schneider
1216 665 1372 733 Ursiuum

198 779 333 842 secutus
363 774 427 841 bac
454 771 585 840 ratione
611 773 714 842 verba
745 771 936 839 constituit:
966 824 973 837 .
998 821 1005 837 .
1030 775 1059 840 ri
1083 775 1222 841 eiasdem
1242 776 1372 860 perceris

198 891 244 952 est
266 886 445 966 daamtaxat,
469 890 506 949 at
529 884 563 948 si
587 877 652 967 [sit
676 877 760 966 aad]
784 888 920 962 atraqac
942 881 1056 948 malas.
1106 879 1271 945 Attamen
1293 897 1374 946 nun·

198 1007 296 1069 quern
327 987 493 1070 particula
523 991 692 1056 dumtaxat
723 985 827 1070 (certe
855 1003 916 1069 ego
946 984 1071 1053 nullum
1105 985 1211 1052 locum
1245 985 1371 1072 iuveni)

200 1113 272 1161 cum
318 1093 492 1160 enuntiato
539 1091 755 1159 condicionali
801 1111 822 1156 a
860 1090 1088 1158 coniunctione
1126 1096 1156 1160 si
1193 1092 1374 1175 incipiente

198 1199 417 1284 coniungitur.
457 1199 579 1266 Potest
594 1199 655 1265 hcc
672 1197 764 1265 casui
779 1215 868 1264 mero
891 1196 1100 1264 tribuendum
1121 1215 1204 1281 esse,
1229 1198 1375 1265 sedeam

199 1306 391 1390 saepissime
428 1305 620 1374 inveniatur
657 1307 828 1372 structura
865 1305 1038 1371 verborum
1066 1309 1236 1374 dumtaxat
1263 1313 1300 1372 at
1326 1357 1332 1369 .
1357 1354 1374 1386 .,

199 1412 313 1480 eadem
339 1413 441 1480 verba
465 1411 567 1478 etiam
590 1410 745 1477 hocloco
769 1410 946 1477 coniuncta
968 1409 1154 1490 relinquere
1175 1409 1373 1476 debebimus.

198 1520 321 1600 Itaque
349 1517 502 1599 quoniam
537 1521 705 1586 dumtaxat
742 1517 785 1583 ad
822 1517 927 1584 verba
959 1515 1105 1598 proxime
1140 1514 1375 1583 antecedentia

200 1628 353 1706 spectare
376 1623 532 1699 vidimus,
563 1623 652 1689 haud
679 1623 747 1690 scio
777 1641 820 1688 an
848 1623 956 1692 Varro
989 1641 1029 1688 ea
1057 1640 1122 1703 qua
1145 1640 1246 1704 saepe
1268 1622 1375 1689 utitur

199 1729 416 1798 collocatione
445 1730 548 1797 etiam
577 1729 631 1796 bic
667 1733 827 1812 usurpata
860 1729 909 1795 sic
939 1727 1009 1795 iere
1037 1728 1207 1810 scripserit
1237 1731 1376 1798 aasdxa

196 1839 325 1925 perraris
357 1840 526 1907 dundaxat
560 1847 597 1906 at
632 1841 682 1906 m't.
733 1835 827 1922 Quod
855 1837 966 1902 autem
998 1834 1105 1901 malus
1133 1834 1274 1916 exempli
1303 1835 1374 1902 loco

200 1942 339 2011 affertur
372 1943 411 2010 id·
441 1943 511 2010 fieri
542 1946 675 2026 poterat
709 1940 874 2024 particula
903 1950 946 2010 at
972 1941 1044 2010 sive
1072 1941 1142 2008 sola
1166 1944 1217 2023 (at
1239 1949 1375 2028 atraque

199 2054 327 2136 malae),
356 2051 427 2120 sive
451 2069 523 2117 eum
545 2049 712 2133 particula
736 2053 770 2117 st
793 2047 967 2116 coniuncta
990 2053 1231 2134 (atstatrapae
1245 2051 1374 2131 maxe).

201 2156 283 2224 Oum
306 2157 509 2224 excidissent
539 2157 602 2224 hae
630 2174 712 2237 quas
740 2154 890 2238 supplevi
920 2155 1058 2223 voculae
1081 2155 1183 2222 verba
1206 2157 1375 2224 dumtaxat

200 2273 237 2332 at
259 2266 302 2333 sit
324 2264 501 2330 cohaerere
523 2265 729 2346 putabantur
751 2281 823 2328 cum
848 2261 895 2328 eis
919 2279 1004 2342 quae
1026 2259 1093 2326 iarn
1108 2259 1257 2342 proxima
1274 2265 1373 2327 erant

201 2379 337 2455 atraque
359 2373 473 2440 malas.
520 2369 649 2437 Deinde
671 2370 775 2436 verba
798 2372 827 2437 ri
848 2373 883 2434 et
900 2377 945 2437 est
959 2367 1087 2434 inserta
1104 2370 1181 2433 sont
1197 2366 1240 2432 ad
1255 2365 1374 2435 vitium

200 2477 390 2544 tollendum.

725 2565 778 2633 VI
804 2569 853 2628 12.
945 2641 949 2650 ‚

289 2691 370 2759 Dies
392 2692 551 2776 41111111
583 2712 640 2775 per
674 2711 752 2774 pane
785 2711 844 2754 rex
877 2691 914 2755 tx
937 2689 1026 2774 repta
1053 2690 1184 2756 am'etem
1221 2689 1373 2762 immolat,

203 2800 283 2865 dicti
305 2799 342 2865 ab
369 2791 495 2884 ι119111
522 2819 555 2864 eo
578 2797 661 2880 praed
694 2798 916 2880 datemopatar
945 2816 966 2862 a
994 2795 1144 2880 principe
1174 2795 1312 2862 civitatis
1346 2802 1375 2862 et

196 2905 349 2989 princeps
368 2905 475 2990 prepis
497 2903 690 2970 immolatam

291 3007 417 3094 Quibus
441 3007 475 3073 in
497 3006 609 3074 verbis
633 3025 699 3088 qua
721 3005 852 3072 ratione
876 3005 1107 3090 interrogandi
1130 3006 1266 3073 verbum
1294 3009 1373 3087 apte

202 3114 363 3199 explicem
386 3132 451 3180 non
473 3115 579 3180 babeo
603 3113 633 3180 si
655 3112 689 3179 in
712 3114 811 3179 verbo
836 3113 922 3194 quod
949 3110 1120 3178 antecedit
1142 3113 1372 3200 1191111111-

202 3221 314 3288 bulum
346 3220 509 3289 Graecum
539 3217 627 3298 ἄγων
662 3219 824 3287 contineri
859 3237 931 3285 cum
966 3217 1142 3301 Spengelio
1180 3217 1372 3301 putandum,

204 3326 296 3393 cuius
320 3325 512 3392 coniectura
534 3323 694 3393 vocabulo
717 3323 875 3406 principis
898 3324 950 3390 bis
974 3342 1045 3389 cum
1070 3341 1149 3389 sono
1164 3323 1272 3406 posito
1289 3342 1372 3389 com·

203 3431 389 3500 mandatur.
436 3429 502 3498 Sed
524 3434 617 3497 recte
640 3428 802 3497 traditum
825 3449 899 3498 esse
923 3429 1150 3514 interrogandi
1180 3431 1315 3497 verbum
1338 3433 1374 3496 et

202 3545 317 3606 roce'm
338 3539 450 3626 Apome
483 3555 542 3620 pro
578 3535 773 3619 quaestione
795 3535 1022 3618 accipiendam
1055 3553 1130 3603 esse
1164 3533 1241 3603 inde
1265 3535 1374 3602 elucet

203 3645 288 3727 quod
323 3663 394 3712 cum
426 3644 568 3729 vulgata
602 3643 668 3711 loci
700 3642 980 3726 interpretatione
1014 3647 1123 3726 (quam
1158 3642 1265 3708 secuti
1296 3651 1374 3709 sunt

203 3751 333 3818 Proller
360 3749 466 3817 ‘Rom
498 3747 612 3834 myth?
642 3748 683 3816 Ι8
714 3755 790 3828 179;
816 3748 1013 3830 Merquardt
1042 3745 1148 3816 ‘Ram
1181 3745 1373 3815 Staatsver-

202 3853 306 3924 walt?
331 3855 492 3938 1112(ed.
516 3853 698 3940 Wissowa)
725 3861 803 3937 3233
828 3854 866 3923 Ο.
890 3854 1010 3922 Miller
1037 3854 1080 3920 ad
1103 3855 1239 3920 Festum
1263 3874 1292 3936 p.
1319 3852 1373 3940 10)

203 3960 370 4030 consentit
405 3960 544 4029 Ovidius
579 3961 688 4048 (Fast.
713 3962 732 4026 I
757 3966 818 4025 317
844 3965 934 4043 squ).
979 3961 1017 4027 Is
1051 3959 1136 4028 enim
1172 3959 1374 4044 Agonalium

204 4087 322 4137 nomen
357 4066 503 4135 derivari
536 4066 640 4135 refert
664 4086 684 4136 a
708 4065 859 4135 ministro
894 4067 950 4150 qui
980 4090 1100 4154 semper
1130 4075 1246 4155 apatae
1272 4075 1373 4154 rapat,

203 4201 262 4247 mcc
285 4178 353 4246 xisa‘
376 4177 487 4244 iassae
509 4177 584 4262 cpit.
631 4173 751 4260 (Quam
774 4192 854 4242 vera
878 4174 924 4242 sit
948 4172 1159 4258 etymologia,
1189 4191 1257 4239 ¹nou
1279 4170 1374 4238 buius

203 4281 268 4350 loci
291 4287 344 4349 est
367 4281 566 4349 examinare.
604 4279 698 4366 Quod
720 4285 833 4348 autem
856 4281 901 4348 H.
925 4280 1054 4348 Jordan
1076 4279 1112 4347 iu
1126 4278 1268 4346 Prelleri
1290 4276 1374 4344 libro

204 4389 227 4454 l.
251 4387 272 4453 l.
296 4387 347 4455 ait
370 4406 434 4455 non
462 4391 574 4477 Aptae
597 4386 769 4455 dicendum
791 4385 895 4456 inisse
926 4385 984 4455 sed
1007 4388 1162 4476 Apameae,
1194 4389 1234 4452 tu
1263 4382 1375 4451 confer

206 4493 275 4568 dic.
300 4494 342 4564 ad
365 4492 443 4566 Art.
470 4501 542 4582 16‚8
567 4498 652 4564 extr.
677 4497 856 4568 Romamne
877 4497 970 4567 oemio
993 4517 1040 4568 aa
1061 4497 1114 4565 dic
1127 4515 1241 4564 maaca
1265 4543 1273 4563 .
1298 4541 1306 4561 .
1331 4491 1373 4576 .?‚
