3184 5034
706 265 927 326 ...61-

232 440 340 508 utitur
363 438 474 508 verbis
492 443 643 521 proptera
667 438 757 522 quod,
785 437 853 504 ideo
877 439 959 524 quod
981 441 1045 506 etc.
1080 436 1223 508 Roriam
1246 437 1401 510 ridentur

230 546 311 613 mihi
333 547 416 613 hoec
440 564 529 613 csso:
553 545 592 611 H
617 551 668 621 8,1
692 565 746 612 uos
768 551 842 612 oute
860 546 908 612 ire
922 565 986 612 uou
995 546 1115 628 potior,
1138 551 1357 633 autequam..
1376 567 1402 627 .;

230 655 270 721 H
292 652 396 736 praef.
424 659 442 717 6
467 658 533 717 tum
556 673 626 718 oum
644 699 651 715 .
670 702 677 717 .
693 651 849 719 classibus
866 672 1048 735 praeessem
1071 653 1181 735 (=VI
1204 654 1273 736 95);
1304 652 1324 722 1
1348 659 1400 736 2,2

230 759 321 827 coitis
342 761 463 826 intereo
480 807 487 826 .
506 810 513 823 .
529 779 718 844 usurpemus
733 759 809 826 dum
825 807 833 824 .
852 759 981 826 ‚umus
996 757 1069 846 (cfr.
1086 763 1152 828 sut.
1169 758 1209 828 fr.
1230 765 1306 844 103;
1330 759 1400 829 Oic.

230 866 317 934 Phil.
348 867 388 935 H
421 872 498 949 1073
529 865 606 934 vids
637 864 825 934 Houschild
853 886 885 948 p.
919 865 1012 953 284);
1043 867 1063 933 Ι
1094 872 1170 950 40,4
1199 865 1236 934 id
1258 867 1296 949 fit
1324 872 1400 944 tum,

230 979 409 1062 autequam.
427 1020 436 1038 .
454 1024 460 1037 .
479 1020 485 1035 .

765 1063 794 1145 ἐ.
821 1067 871 1128 41.

321 1167 487 1238 Sermonis
511 1167 672 1236 cotidiani
694 1167 894 1250 loquacitati
917 1167 1155 1238 adscribendus
1180 1187 1254 1236 osse
1269 1167 1403 1240 ridetur

106 1255 107 1260 ¹
231 1295 309 1346 usus
340 1275 499 1344 adiectivi
527 1275 571 1342 sd
598 1275 845 1344 substantivum
869 1275 1106 1344 deminutivum
1129 1275 1283 1361 appositi,
1309 1277 1401 1345 volut

232 1385 272 1452 H
295 1389 370 1468 5,14
393 1383 538 1450 bestiolae
557 1383 712 1470 quaedam
731 1383 885 1462 miuutue,
910 1383 1289 1467 1115,11u·ououuu;
1312 1383 1400 1456 VIS

225 1491 321 1576 parri
342 1490 461 1557 circuli.

319 1595 543 1666 Abundouter
573 1595 708 1664 additur
738 1595 939 1666 adiectirum
966 1616 997 1678 q.
1029 1615 1058 1664 c.
1090 1596 1205 1665 atius:
1237 1597 1257 1663 Ι
1289 1601 1340 1680 9,3
1365 1596 1403 1663 de

230 1703 304 1772 aliis
325 1703 491 1787 perietibus
514 1702 659 1785 reliquis·
681 1703 740 1772 111
765 1710 819 1779 5,2
843 1723 913 1770 eum
935 1724 969 1770 eo
991 1704 1134 1770 adiciant
1146 1709 1314 1786 praetcrea
1329 1724 1402 1772 oues

230 1810 313 1875 aiios
347 1829 474 1892 quoque.
523 1806 686 1875 Similiter
712 1809 954 1893 coniunguntur
983 1829 1088 1875 omues
1116 1813 1151 1876 ct
1181 1811 1323 1878 uniuersi
1344 1810 1404 1880 ΙΠ

231 1923 282 2000 2,5
315 1936 420 1983 omues
450 1916 589 1982 ommium
618 1916 784 1981 uuioersoe
816 1915 971 1984 Reatiuoe
1002 1920 1037 1986 st
1067 1917 1106 1984 X
1132 1921 1170 1982 10
1200 1915 1238 1984 de
1260 1917 1403 1984 omuibus

229 2023 387 2089 umiucrsc‘s
410 2022 654 2088 discrimiuoitus.

317 2130 371 2197 Dc
400 2129 541 2196 formula
570 2127 746 2195 cuiusmodi
769 2130 981 2212 ..fructuum
1009 2149 1125 2213 peuera
1155 2130 1226 2214 (IX
1257 2134 1311 2210 27)
1342 2128 1401 2196 cfr.

230 2235 382 2304 Wdlsfliu
403 2235 508 2303 Arch.
532 2237 585 2306 VI
610 2240 672 2301 103
697 2239 733 2302 ot
756 2234 911 2306 Schmulz
935 2234 1012 2303 scii.
1037 2240 1056 2318 ς
1082 2241 1166 2318 67,2.

321 2343 379 2412 III
406 2348 501 2427 17,19
524 2343 661 2410 miuores
683 2347 760 2410 suut
781 2341 1007 2426 mopuitudr'ue.

768 2520 864 2602 §42

320 2626 386 2696 Sed
408 2627 549 2695 noudum
565 2625 675 2694 omniu
691 2626 911 2710 exhausimus,
935 2646 1012 2694 uam
1030 2627 1133 2696 ctiam
1149 2627 1211 2694 hoc
1226 2645 1284 2712 pro
1301 2627 1403 2696 ubun-

232 2733 349 2802 dontic
377 2733 602 2818 accipiendum
630 2737 683 2800 eut
713 2732 800 2816 quod
825 2735 865 2801 ΙΙ
895 2740 967 2813 10,9
995 2734 1120 2820 legitur
1143 2735 1255 2822 quidus
1281 2754 1348 2800 mos
1366 2783 1400 2799 ..

228 2862 292 2906 mou
326 2841 488 2926 dempaoit
511 2846 597 2905 ..ut
633 2825 867 2906 succumberent
887 2891 894 2907 .
913 2892 920 2906 .
937 2845 967 2907 et
999 2841 1192 2908 iucomitotis
1224 2845 1260 2905 ut
1292 2840 1404 2926 aspari

231 2947 344 3024 liceret,
380 2948 462 3014 item
496 2946 582 3030 quod
616 2947 674 3014 IX
709 2953 750 3011 65
786 2946 945 3030 scriptum
980 2953 1033 3015 est
1059 2947 1225 3030 postuiaut
1254 2952 1403 3029 oportere.

233 3053 361 3120 Tamen
392 3053 452 3122 olii
482 3073 608 3137 quoquo
639 3053 818 3138 scriptores
841 3054 963 3120 similia
986 3055 1156 3136 exhibent,
1187 3072 1265 3120 nom
1288 3053 1404 3121 Cicero

234 3160 414 3228 structuris
442 3161 536 3229 velut
558 3161 622 3228 huc
645 3161 823 3226 conceditur
845 3166 881 3225 ut
903 3160 995 3226 ticeot
1017 3161 1090 3244 plus
1115 3159 1217 3227 semel
1239 3177 1317 3226 usus
1341 3162 1403 3242 ost,

229 3266 289 3334 cfr.
306 3267 447 3334 Kiihuor
469 3288 501 3350 p.
521 3272 619 3351 10503
645 3266 726 3334 item
743 3266 914 3334 Cornelius
930 3268 1043 3351 Nepos
1064 3265 1199 3350 scripsit
1209 3266 1405 3348 permitteret

231 3379 268 3438 ut
282 3423 288 3438 .
304 3419 311 3435 .
329 3373 434 3440 liceret
449 3374 507 3440 cfr.
517 3375 631 3458 Lupus
646 3371 890 3459 ‘Sprochgebr'
908 3393 939 3458 p.
952 3380 1016 3439 204
1033 3378 1117 3441 sxtr.
1131 3373 1316 3440 Praetereo
1327 3370 1403 3441 vido

229 3479 383 3547 Ribbeck
406 3480 450 3546 od
473 3480 586 3547 Pluut.
610 3481 682 3548 Mil.
706 3481 789 3565 glor.
807 3479 924 3565 ArpI
946 3499 978 3550 v.
999 3487 1031 3564 73
1056 3483 1092 3547 ct
1112 3479 1265 3548 Schmalz
1283 3483 1301 3559 ᾗ
1319 3484 1403 3559 67,2.

318 3586 452 3670 Duplsx
474 3589 610 3656 verbum
634 3587 793 3670 scriptum
817 3591 870 3654 est
893 3587 997 3655 etiam
1019 3588 1039 3654 Ι
1063 3592 1138 3669 2,24
1163 3585 1303 3666 Suscipit
1319 3582 1404 3654 Stolo

230 3692 288 3769 Tu,
313 3694 425 3776 iuquit,
449 3695 580 3762 incides.
600 3745 608 3761 .
626 3745 634 3761 .
650 3694 740 3764 Item
756 3693 872 3764 Livius
888 3695 961 3766 VH
981 3699 1053 3778 16‚5
1070 3692 1226 3788 acclamat
1237 3691 1403 3778 -o'uquit

710 3892 924 3902 -α-,μ--ω--ι-

716 4050 844 4134 Ouput
866 4051 915 4124 ΙΙ.

572 4153 628 4228 Dc
651 4155 837 4228 sormouis
860 4155 1062 4230 brevitate.

318 4385 394 4451 Iam
423 4385 578 4454 absoluto
607 4283 801 4467 quaestioni
814 4286 871 4454 ΙΙΙ
895 4386 1111 4470 abundantio,
1136 4385 1307 4457 rideamus
1330 4405 1403 4456 eum

229 4508 298 4557 rem
333 4509 417 4572 quos
448 4491 524 4562 huic
554 4493 797 4582 oppositurus,
823 4494 1033 4566 brevitatem.
1074 4494 1139 4582 Qui
1162 4499 1275 4566 cutem
1297 4514 1404 4565 recor-

1578 4271 1581 4424 i
