3184 5034
674 236 892 294 -78-

198 426 234 475 se
262 410 468 490 opponuntur
503 406 635 472 dicenda
663 410 794 491 fanani
822 412 857 475 at
884 407 1130 473 contendendum
1160 413 1216 472 est.
1272 407 1370 489 Apud

199 516 382 583 Varronem
414 513 508 581 omisi
531 516 551 595 §
581 521 599 577 6
627 515 663 579 in
692 515 813 596 Apnlie
836 515 974 579 orarias
997 518 1061 586 etc.
1092 515 1179 595 quod
1202 533 1242 580 ea
1266 515 1370 580 verba

199 620 416 703 appositionis
439 620 549 686 instar
572 619 689 686 addita
706 625 783 688 sunt
807 620 877 688 sine
901 623 1001 689 verbo
1025 621 1134 703 finito;
1164 625 1281 687 contra
1306 622 1323 704 6
1352 626 1366 682 1

197 728 252 810 qni
279 728 313 793 in
341 747 416 809 apra
443 733 610 792 versantur
637 728 672 791 in
700 727 803 810 aliano
831 748 921 810 opere
947 728 1093 811 faciendo
1125 728 1175 795 bis
1207 731 1245 793 ut
1273 727 1370 794 debui

198 833 369 902 numeravi
395 832 466 922 (cfr.
490 853 521 916 p.
547 839 589 898 44
614 833 688 899 adn.
716 835 758 920 1).

286 940 335 1007 Ut
375 940 419 1006 ad
454 939 576 1007 obiecti
611 940 858 1007 collocationem
895 941 1042 1020 redeam,
1080 940 1244 1007 latissime
1282 939 1370 1022 apud

198 1050 381 1117 Varronem
404 1047 433 1114 is
457 1047 535 1113 ordo
559 1050 656 1131 patet
679 1052 717 1113 ut
742 1046 881 1123 obiecto,
906 1047 935 1114 si
957 1047 1123 1116 adiectivo
1148 1051 1282 1114 auctum
1306 1051 1368 1129 est,

199 1155 335 1222 verbum
363 1152 491 1220 finitum
514 1153 712 1232 includatur,
742 1171 847 1235 neque
876 1153 1005 1220 obiecto
1034 1153 1137 1221 solum
1166 1154 1226 1221 sed
1254 1152 1369 1235 quovis

198 1258 409 1329 substantivo
439 1279 512 1326 cum
541 1259 707 1328 adiectivo
737 1259 920 1327 coniuncto.
972 1260 1054 1326 Loci
1083 1260 1122 1326 de
1151 1260 1268 1342 quibus
1297 1260 1369 1326 dico

198 1369 276 1434 sunt
298 1367 348 1432 hir
373 1368 392 1448 ἓ
417 1373 435 1430 2
459 1366 584 1432 urbana
608 1366 823 1434 desiderarent
847 1367 1029 1450 ppnnasia;
1051 1365 1095 1433 ib.
1119 1367 1275 1432 eoeabnlis
1297 1367 1369 1432 reti-

200 1479 297 1540 neant
317 1473 456 1557 praecia
486 1472 503 1557 5
533 1480 550 1536 6
574 1473 746 1555 poenarias
768 1473 863 1537 haben
883 1474 1035 1556 prandea
1058 1472 1102 1539 ib.
1126 1493 1195 1555 pec.
1219 1472 1314 1538 habui
1334 1473 1370 1537 in

198 1579 299 1662 Fpiro
314 1599 457 1662 nepaes,
473 1578 657 1661 iterumque
672 1578 859 1646 laudandus
876 1578 930 1645 lric
946 1580 1036 1646 locus
1052 1583 1073 1661 ξ
1091 1586 1108 1642 6
1124 1578 1235 1643 tabere
1249 1584 1369 1645 niran-

200 1706 258 1774 qne
281 1686 367 1750 debet
390 1684 599 1767 disciplinam.
648 1685 777 1754 Omitto
802 1687 819 1768 ξ
849 1691 867 1748 2
892 1686 974 1767 enred
995 1686 1070 1751 dnn
1097 1691 1300 1751 seruauerant
1321 1686 1370 1749 in·

199 1793 345 1859 stitninn
372 1796 508 1874 propter
534 1811 709 1875 pronomen
737 1791 926 1858 relativum.
981 1790 1107 1859 Contra
1137 1792 1172 1858 in
1200 1790 1368 1858 Ciceronis

200 1899 344 1982 epistula
367 1898 471 1980 (cuius
494 1897 529 1964 in
543 1897 654 1966 fronte
677 1917 761 1980 qliae
776 1899 933 1982 leguntur
955 1905 1071 1980 quanto
1091 1900 1201 1982 frnctn
1223 1899 1284 1964 sien
1295 1900 1365 1980 pri·

199 2012 292 2072 ratas
323 2011 376 2071 et.
396 2009 449 2069 .et
471 2052 503 2070 ..
527 2008 718 2087 praetereo,
751 2004 836 2086 quod
867 2005 1035 2075 adiectiva
1069 2025 1133 2072 non
1165 2009 1257 2071 arcte
1294 2023 1367 2071 oum

198 2112 327 2180 nomine
351 2112 530 2178 cohaerent
553 2111 613 2177 sed
634 2110 822 2192 explicandi
850 2130 951 2179 causa
979 2113 1096 2178 addita
1124 2111 1216 2198 sunt)
1241 2111 1365 2177 duobus

201 2222 334 2285 tantum
357 2217 438 2284 locis
463 2217 663 2286 adiectivum
686 2218 934 2286 asubstantivo
959 2224 1147 2300 separatum
1173 2222 1226 2285 est
1250 2221 1303 2300 (ae
1326 2237 1368 2284 ne

201 2329 279 2393 sunt
310 2323 440 2406 quidem
470 2322 603 2407 propria
632 2323 815 2402 adiectiva,
848 2324 907 2392 sed
927 2327 1095 2392 numerale
1127 2331 1162 2390 et
1192 2343 1369 2406 pronomen

199 2430 435 2514 possessivum)
459 2433 478 2513 §
503 2437 522 2494 4
546 2452 629 2496 enas
659 2431 735 2506 nihi
756 2431 833 2496 seito
860 2430 983 2497 litteras
1006 2435 1069 2497 etc.
1099 2435 1134 2497 et
1158 2429 1177 2517 ξ
1203 2434 1222 2493 6
1251 2451 1290 2495 en
1312 2437 1369 2495 tna

195 2539 349 2621 wialan
371 2537 546 2612 nolentata
561 2537 678 2618 quibus
700 2536 782 2603 locis
805 2538 908 2604 verba
929 2538 1097 2620 exscripta
1112 2537 1244 2604 initium
1268 2553 1367 2603 enan·

199 2644 280 2712 tiati
303 2643 460 2725 efficiunt,
493 2662 564 2709 cum
594 2644 681 2727 apud
708 2645 892 2715 Varronem
921 2645 1057 2713 verbum
1083 2644 1210 2710 finitum
1239 2661 1368 2724 semper

199 2750 437 2833 paenultimam
461 2749 571 2817 sedem
594 2754 719 2834 teneat,
744 2765 860 2817 nomen
885 2769 955 2818 cum
977 2751 1142 2819 adiectivo
1157 2750 1308 2817 nltimam
1333 2751 1368 2814 et

200 2833 557 2942 antepenultimam)

737 3055 754 3136 6
774 3063 831 3138 63.

291 3160 476 3230 Varronem
500 3159 661 3244 singulari
688 3162 818 3230 ratione
842 3181 954 3229 amare
977 3161 1012 3227 in
1035 3159 1272 3243 comparativis
1296 3178 1369 3225 eam

94 3324 95 3327 ,
200 3267 375 3335 verborum
390 3264 637 3332 collocationem
650 3271 688 3332 ut
697 3270 922 3351 comparativo
934 3268 968 3334 id
979 3269 1157 3334 membrum
1171 3265 1369 3349 praemittat

201 3371 287 3453 quod
310 3390 351 3437 ex
373 3371 540 3453 particula
563 3374 811 3454 panepenna,
840 3375 1002 3441 neminem
1025 3374 1121 3458 fugit.
1168 3373 1275 3440 Locos
1300 3371 1367 3454 qui·

199 3480 260 3544 bus
291 3477 345 3543 hic
376 3477 453 3543 ordo
484 3477 653 3545 invenitur
683 3481 818 3564 collegit
848 3483 967 3550 Reiter
997 3503 1027 3565 p.
1062 3486 1111 3546 67.
1165 3479 1258 3546 Idem
1291 3477 1368 3544 ordo

199 3585 372 3652 vorborum
404 3583 506 3651 etiam
534 3584 621 3665 apud
649 3587 733 3654 alios
761 3588 941 3671 scriptores
968 3587 1106 3670 legitur,
1135 3606 1163 3652 e.
1194 3605 1227 3669 g.
1256 3585 1368 3650 Plaut.

200 3689 290 3756 Trin.
316 3695 378 3754 903
404 3694 439 3755 et
463 3697 541 3772 9043
567 3690 634 3758 (lic.
659 3712 718 3775 pro
741 3694 811 3760 Mil.
838 3701 856 3757 9
881 3697 966 3759 extr.
991 3698 1054 3759 etc.

289 3793 380 3860 Addi
408 3795 532 3876 poterit
559 3805 694 3878 praeter
720 3817 777 3866 eos
804 3799 893 3865 locos
922 3817 1001 3880 quos
1029 3798 1148 3865 Reiter
1170 3819 1201 3881 p.
1228 3804 1268 3862 67
1294 3797 1368 3864 adn.

291 4024 312 4095 ¹)
331 4023 455 4080 Eandem
482 4025 560 4081 verbi
582 4026 654 4082 finiti
679 4028 886 4084 collocationem
913 4028 985 4097 apud
1008 4028 1155 4097 Apuleium
1180 4027 1320 4095 frequenti
1342 4027 1371 4082 in

202 4129 255 4169 usu
274 4129 336 4170 esee
353 4118 448 4169 monet
466 4112 591 4169 Sohmalz
610 4115 671 4170 Stil.
691 4115 708 4187 5
725 4117 769 4185 45,
788 4120 813 4174 6.
850 4116 925 4172 ldem
945 4116 1016 4184 quod
1036 4116 1103 4172 dicit
1116 4117 1132 4188 ξ
1145 4118 1192 4172 44;
1214 4114 1372 4186 „Wahrend

201 4203 296 4258 Cicero
321 4203 365 4259 clio
389 4202 540 4273 Trennung
563 4220 617 4259 von
641 4204 731 4260 Subst.
755 4206 811 4260 und
830 4205 956 4260 Attribnt
980 4221 1032 4261 nur
1055 4204 1142 4260 durch
1161 4205 1287 4260 einiache
1306 4205 1372 4260 oder

201 4291 418 4361 prepositionale
442 4293 785 4363 Kaous-Bestimmungen
809 4298 949 4364 gestuttet
976 4296 1044 4351 etc.“
1070 4309 1124 4349 non
1149 4295 1283 4365 intellego
1308 4310 1373 4349 num

201 4382 286 4436 verbo
305 4381 383 4437 finito
401 4387 535 4450 utrasque
553 4398 635 4439 voees
654 4383 778 4452 separari
795 4398 876 4452 posse
895 4389 988 4452 neget.
1025 4383 1096 4438 Nam
1115 4391 1292 4452 separantur,
1318 4383 1373 4439 atri

200 4483 273 4535 raro,
292 4474 324 4524 ut
342 4469 468 4526 vidimus.
