3184 5034
652 182 848 238 ..6-

164 354 199 422 J.
224 353 271 419 H.
302 350 454 420 Schmalz
486 352 520 419 in
552 351 791 436 grammaticae
822 351 951 417 latinae
983 351 1173 436 compendio
1197 359 1252 437 (=
1275 356 1336 422 Iw.

164 458 286 526 Miller
316 457 405 526 Hdb.
429 459 495 544 Π),
526 459 570 526 ad
601 477 696 540 quem
726 457 791 543 ipsi
821 477 921 543 saepe
951 475 1165 537 recurremus,
1200 479 1272 528 cnm
1304 463 1339 528 et

165 566 289 632 multas
312 583 366 632 res
389 564 487 650 longe
517 564 641 632 rectius
672 584 770 648 quam
799 565 958 648 quiante
982 584 1055 633 eum
1079 566 1247 650 explicare
1270 569 1339 635 stn-

98 663 100 670 ’
168 672 309 740 dcerunt
344 670 540 756 explicuerit
571 673 606 739 et
634 709 676 718 -
703 671 738 742 id
769 671 855 755 quod
886 672 929 738 ad
959 691 1019 740 nos
1049 673 1198 756 pertinet
1225 714 1267 724 -
1296 673 1340 742 ad

169 778 332 849 Varronis
354 797 448 846 usum
471 777 664 863 diligentius
688 797 785 859 quam
808 777 859 844 illi
882 779 1097 861 spectaverit.

255 885 349 973 Quae
369 885 405 952 in
420 884 622 970 singulorum
637 886 810 953 verborum
821 904 882 952 usu
894 885 1056 955 Varronis
1072 887 1205 971 propria
1218 886 1338 974 sunt1),

166 993 212 1060 ad
236 1011 278 1059 ea
302 991 584 1060 commemoranda
611 991 646 1058 in
674 995 794 1060 neutra
816 997 914 1075 parte
937 992 1126 1077 plerumque
1149 992 1280 1061 occasio
1304 1012 1340 1061 se

166 1097 293 1168 offeret.
340 1097 536 1184 speciminis
571 1116 673 1166 causa
699 1117 806 1182 pauca
829 1098 925 1167 hudus
947 1099 1078 1184 generis
1101 1099 1136 1167 in
1159 1097 1339 1184 appendice

167 1204 323 1289 adiciam,
346 1208 395 1282 ut,
419 1209 499 1288 quot
522 1223 576 1272 res
600 1223 762 1287 quamque
776 1203 893 1274 uariae
915 1204 950 1272 in
966 1223 1114 1273 sermone
1131 1205 1339 1277 Varroniano

167 1311 388 1396 explicatione
412 1315 448 1379 et
471 1313 595 1396 egeant
617 1313 654 1378 st
677 1311 798 1396 dignae
821 1310 907 1395 sint,
931 1311 1115 1378 ostendam.
1174 1311 1249 1395 Ipse
1272 1331 1340 1379 ma·

167 1418 288 1486 teriam
311 1417 487 1486 exhaurire
510 1418 600 1485 nullo
623 1418 718 1486 modo
738 1417 842 1502 potui.
876 1417 1028 1501 Denique
1043 1418 1078 1486 in
1094 1418 1203 1485 altera
1220 1437 1341 1503 appen-

167 1523 251 1592 dicis
281 1527 379 1608 parte
403 1523 443 1592 de
471 1523 586 1608 paucis
616 1523 698 1592 locis
721 1524 940 1597 Varronianis
961 1524 1047 1607 vquid
1070 1525 1212 1594 sentiam
1234 1527 1341 1610 prola·

169 1635 264 1700 turus
287 1651 368 1700 sum.

258 1738 372 1806 Paene
396 1743 508 1807 autem
523 1738 609 1805 hanc
626 1737 935 1806 commentationem
951 1737 1104 1814 adfinem
1125 1738 1342 1822 perduxeram

123 1907 127 1924 ,
168 1845 212 1926 (si
226 1844 301 1912 finis
317 1863 391 1913 esse
406 1847 519 1930 potest
534 1845 585 1912 rei
599 1844 836 1928 imperfectae),
854 1864 926 1911 cnm
941 1843 1052 1928 prodit
1064 1842 1170 1910 Keilii
1183 1863 1342 1912 commen·

170 1951 288 2036 tarius
321 1969 384 2035 quo
414 1951 498 2018 adeo
525 1950 630 2018 multa
657 1950 739 2018 mihi
765 1953 944 2034 praerepta
971 1949 1110 2034 cognovi
1137 1955 1176 2018 ut
1204 1951 1343 2035 primum

172 2044 358 2127 dubitarem
381 2076 457 2126 num
480 2058 563 2125 haec
587 2055 716 2124 omnino
737 2056 839 2143 digna
855 2060 968 2126 essent
992 2075 1077 2139 quae
1100 2055 1342 2126 emitterentur.

171 2162 238 2232 Sed
253 2183 326 2232 cum
342 2165 449 2231 multa
463 2162 640 2247 reprimere
657 2163 834 2248 debuerim,
859 2164 1021 2246 quaedam
1037 2183 1058 2231 a
1072 2163 1145 2234 viro
1160 2163 1343 2232 clarissimo

170 2271 252 2340 mihi
273 2270 394 2340 relicta
418 2289 492 2339 esse
516 2290 553 2338 eo
576 2271 684 2358 magis
707 2272 845 2356 gaudeo.

257 2380 332 2445 Iam
370 2378 560 2462 priusquam
594 2378 639 2445 ad
672 2377 779 2460 ipsam
808 2396 878 2444 rem
908 2375 1101 2462 aggrediar,
1136 2395 1235 2444 unum
1265 2379 1344 2446 mihi

169 2485 363 2554 monendum
396 2488 458 2552 est.
505 2483 596 2572 Quos
626 2484 720 2551 modo
750 2483 889 2552 laudavi
918 2482 1060 2552 stinkel
1091 2489 1127 2551 et
1155 2482 1197 2550 Α.
1223 2485 1345 2554 Miller

170 2610 229 2660 suo
258 2591 329 2658 inre
361 2590 465 2658 etiam
494 2589 685 2676 fragmenta
716 2590 896 2658 satirarum
920 2595 1167 2672 ceterorumque
1188 2589 1345 2659 librorum

171 2696 414 2782 deperditorum
429 2697 465 2765 in
479 2714 574 2764 usum
589 2700 805 2766 rocaverunt.
833 2695 981 2764 Plurima
998 2699 1110 2763 autem
1126 2715 1237 2764 eornm
1260 2715 1345 2780 quae

170 2823 232 2890 ego
263 2807 475 2872 tractaturus
506 2822 594 2888 sum,
641 2803 793 2885 qnoniam
823 2807 916 2872 recte
947 2801 1122 2870 diiudicari
1155 2803 1345 2888 plerumque

170 2913 338 2994 nequeunt
371 2909 437 2977 nisi
464 2909 570 2978 totius
592 2908 658 2977 loci
680 2909 871 2978 sententiae
899 2913 1152 2992 structoresque
1174 2909 1264 2978 ratio
1286 2910 1345 2978 ha-

170 3019 279 3096 betur,
303 3035 345 3085 ex
368 3015 575 3102 fragmentis,
599 3016 634 3084 in
650 3015 767 3100 quibus
783 3017 853 3102 hoc,
879 3017 965 3099 quod
984 3021 1132 3084 extremo
1146 3015 1218 3084 loco
1238 3015 1343 3100 posui,

170 3144 236 3193 non
266 3123 331 3192 nisi
360 3144 436 3193 raro
467 3124 539 3195 fieri
568 3143 666 3209 posse
696 3128 852 3208 apparet,
884 3142 991 3208 pauca
1022 3127 1155 3191 tantum
1178 3122 1345 3191 enucleari

172 3231 263 3298 licet.
311 3229 530 3318 Quamobrem
560 3230 632 3314 ipse
662 3229 733 3298 iere
762 3230 862 3315 plane
894 3228 1024 3297 omissis
1059 3228 1256 3314 fragmentis
1287 3247 1345 3296 eos

175 3337 279 3406 solnm
314 3337 371 3420 qui
405 3335 530 3422 integri
565 3340 741 3419 supersunt
786 3335 888 3404 libros
923 3335 1125 3405 adhibendos
1160 3334 1241 3403 mihi
1271 3354 1344 3403 esse

172 3442 372 3513 existimari.

261 3638 341 3706 Not.
366 3637 528 3709 Varronis
547 3636 650 3704 libros
666 3636 762 3706 nudis
776 3636 921 3706 numeris
942 3636 1142 3722 significavi:
1167 3635 1290 3704 I-III
1302 3665 1344 3690 ==

173 3764 234 3813 rer.
258 3749 342 3813 rust.
366 3743 455 3821 libri,
479 3744 649 3816 V-X=
662 3743 740 3810 libri
764 3744 805 3812 de
826 3744 941 3830 lingua
964 3743 1024 3810 lat.

265 3974 288 4045 ¹)
306 3971 448 4029 Vocabula
476 3990 493 4029 a
517 3974 642 4029 Varrone
669 3976 720 4028 aut
747 3971 805 4027 solo
834 3975 884 4027 aut
911 3969 999 4041 primo
1029 3973 1166 4040 usurpata
1195 3967 1346 4040 diligenter

175 4061 291 4133 collegit
303 4061 333 4118 L.
347 4060 497 4119 Stdnkel
511 4061 572 4134 (De
585 4060 759 4118 varroniana
771 4059 916 4116 verborum
928 4058 1111 4128 formations’,
1124 4059 1241 4130 Argunt.
1255 4059 1345 4129 1875),

176 4165 256 4220 quem
275 4150 300 4206 si
319 4165 390 4219 qnae
408 4149 613 4220 praeterierunt
631 4165 666 4206 ea
684 4147 791 4205 addidit
803 4149 874 4220 Aug.
894 4147 1022 4204 lldller
1039 4163 1064 4217 p.
1085 4147 1120 4202 63
1139 4163 1198 4216 sqq.
1218 4145 1345 4217 apposito

174 4238 253 4296 brevi
272 4254 367 4296 eorum
385 4237 581 4295 vocabulorum
600 4243 749 4308 conspectu
768 4253 855 4309 „quae
874 4253 936 4294 cum
955 4236 1004 4294 sub
1018 4236 1158 4293 ciceronis
1175 4234 1345 4305 temporibus

176 4328 257 4398 plane
283 4328 409 4384 obsoleta
433 4333 535 4397 essent,
561 4345 578 4383 a
597 4328 721 4384 Varrone
740 4327 901 4384 deliciarum
919 4342 1004 4384 causa
1023 4343 1056 4382 ax
1074 4325 1250 4394 antiquorum
1267 4323 1346 4378 libris

176 4417 336 4490 deprompta
349 4417 438 4474 sunt.“
