3184 5034
699 253 920 312 -76...

225 424 347 490 motum
370 421 607 506 paenultimam
636 421 672 490 in
695 423 869 491 enuntiato
886 423 995 491 sedem
1011 427 1115 492 tenet.
1151 423 1286 494 Oontuli
1301 445 1396 510 2222-

223 528 383 597 lationem
405 529 482 597 libri
504 528 670 616 secundi¹)
694 549 766 596 cum
789 529 934 614 epistula
954 527 1123 598 Ciceronis
1143 549 1228 613 quae
1258 533 1396 621 eundem

226 634 297 702 fere
314 653 481 704 numerum
496 653 649 705 versuum
665 636 823 717 continet,
848 637 892 704 ad
906 636 984 704 Att.
1001 637 1021 702 I
1038 643 1065 700 5.
1095 635 1169 722 Qua
1191 637 1226 706 in
1249 639 1396 721 epistula

226 759 299 807 cum
325 742 724 812 421222122122221222
757 743 885 810 finitum
915 743 1031 810 ultimo
1063 743 1134 810 loco
1164 743 1308 828 positum
1339 746 1395 830 sit,

228 847 361 915 circiter
378 855 418 913 22
442 848 524 915 locis
549 853 661 916 autem
684 849 733 916 212
757 848 924 917 enuntiati
939 849 1090 934 partibus
1114 851 1295 919 antecedat
1311 870 1396 934 quae

225 972 266 1020 cx
304 953 362 1020 illo
400 954 559 1040 pendent,
599 955 687 1040 apud
721 953 906 1023 Varronem
948 955 1131 1038 quindecim
1169 956 1238 1024 fere
1276 957 1396 1040 prioris

225 1059 357 1142 generis
380 1059 462 1128 locis
486 1060 620 1128 circiter
644 1068 683 1126 25
709 1062 909 1145 respondent
939 1062 1077 1129 alterius
1101 1059 1240 1146 generis.
1287 1062 1395 1129 Accu-

223 1163 354 1231 ratiora
378 1185 419 1233 ex
441 1167 505 1234 hac
527 1168 645 1235 tabula
668 1172 915 1254 cognoscentur.

925 1275 1072 1346 Verbum
1095 1273 1224 1342 finitum

225 1393 415 1463 Oumverbo
427 1395 753 1483 finit000niungitur2
774 1381 862 1464 apud
873 1380 1065 1449 Ciceronem
1093 1380 1181 1463 apud
1202 1380 1386 1450 Varronem

777 1503 918 1561 antecedit
937 1503 1063 1573 sequitur
1096 1501 1236 1559 antecedit
1255 1501 1382 1570 sequitur

224 1587 414 1658 Infinitivus
824 1599 842 1659 2
998 1600 1014 1660 7
1168 1592 1362 1660 1412212

224 1694 450 1765 Accusativus
474 1717 546 1766 cum
569 1699 733 1769 infinitivo
824 1707 843 1764 8
997 1706 1015 1764 3
1166 1705 1268 1764 2-

225 1801 445 1887 Ρ22112121221

223 1908 437 1980 Adiectivum

224 2014 415 2084 Subiectum

224 2121 400 2190 Obiectum
428 2123 678 2210 (Accusativus)

222 2227 369 2296 Dativus

223 2332 406 2402 Ablativus

224 2437 407 2509 Ablatirue
431 2441 603 2511 absolutus
758 2391 762 2548 1

222 2544 428 2616 Aduerbium

222 2651 432 2737 Praepositio
445 2657 743 2727 cumsubstantivo
824 2663 842 2721 3
974 2663 1015 2721 22
1145 2661 1268 2720 1212

756 2781 759 2887 l
800 2806 839 2864 22
973 2805 1013 2865 22
1076 2779 1078 2886 l
1142 2805 1182 2863 22
1227 2795 1393 2878 salceid).

311 2901 464 2986 Exempli
490 2903 594 2989 igitur
625 2923 727 2974 22222
748 2919 836 2989 2221.
860 2905 940 2990 2221.
963 2923 1054 2990 2222.
1078 2924 1151 2972 cum
1175 2904 1291 2988 copula
1315 2922 1390 2971 con·

221 3004 368 3076 iunctum
399 3029 471 3078 cum
501 3031 618 3080 novem
647 3012 729 3080 12212
760 3013 848 3097 apud
879 3010 1070 3079 (liceronem
1100 3011 1249 3096 legatur,
1285 3010 1393 3077 tribum

221 3112 303 3181 locis
328 3118 444 3200 copula
468 3119 648 3204 antecedit,
672 3139 732 3187 sex
753 3119 834 3187 locis
858 3119 1021 3202 sequitur3
1057 3123 1173 3185 contra
1197 3117 1304 3184 Varro
1327 3135 1391 3184 uno

221 3220 293 3288 1222
317 3242 379 3305 quo
403 3226 552 3308 copulam
575 3245 640 3293 non
663 3226 774 3293 omisit
789 3264 833 3274 —
857 3231 977 3309 quater
1000 3225 1085 3292 enim
1101 3244 1143 3292 cx
1158 3223 1393 3292 consuetudine

222 3345 283 3393 sua
305 3328 517 3412 participium
540 3331 611 3398 sine
635 3332 752 3414 copula
766 3331 878 3414 posuit
895 3331 929 3418 (ξ
946 3338 965 3394 1
981 3331 1016 3397 td
1030 3331 1161 3413 2222112
1175 3350 1251 3413 2222
1266 3334 1390 3405 cotom

223 3437 242 3515 ξ
268 3441 286 3498 5
310 3455 390 3517 poce
414 3437 537 3520 foetam
563 3443 599 3502 21
625 3443 845 3516 222222221ν2;
874 3457 953 3519 quoe
979 3443 1058 3502 2212
1085 3458 1124 3502 ccc
1140 3457 1266 3519 pccore;
1296 3434 1340 3500 ad
1360 3433 1396 3499 id

216 3561 315 3623 22222
338 3544 528 3632 oppositam)
551 3543 753 3628 -scripsit
777 3545 810 3631 (ἐ
835 3542 882 3632 2);
907 3544 1170 3609 2221222222211.

220 3684 432 3695 ὴ...-

313 3771 334 3836 1)
352 3771 432 3828 Η222
458 3773 623 3842 particulam
648 3772 722 3844 elegi
746 3774 818 3842 quod
843 3778 873 3830 ct
896 3773 926 3828 in
952 3787 986 3829 ea
1010 3772 1196 3842 componenda
1221 3772 1265 3841 (21
1284 3770 1392 3826 omnion

225 3857 256 3914 in
275 3861 434 3932 prooemiis)
460 3861 523 3931 plus
547 3878 647 3931 operae
671 3879 752 3931 quam
776 3863 805 3917 in
830 3861 931 3918 ceteris
955 3859 1126 3930 2222121222
1151 3860 1282 3916 collatum
1301 3864 1345 3915 est
1364 3866 1393 3916 21

222 3962 256 4002 cx
275 3963 308 4004 22
327 3963 479 4004 sermonem
500 3965 566 4006 2222
585 3950 786 4008 Varronianum
809 3949 938 4020 cognosci
960 3948 1028 4005 licet
1045 3947 1193 4018 integrum,
1214 3964 1275 4003 cum
1297 3947 1392 4002 multis

223 4035 286 4091 eliis
305 4035 373 4091 12212
392 4036 503 4092 dubium
523 4038 567 4106 eit,
587 4045 723 4108 quatenus
742 4054 776 4094 ex
794 4037 954 4094 auctoribus
968 4036 1065 4105 quitus
1083 4051 1150 4092 2222
1169 4042 1213 4092 221
1229 4036 1319 4092 Varro
1337 4052 1392 4091 non

223 4125 310 4179 solum
328 4139 374 4180 ree
394 4125 442 4180 sed
461 4125 545 4181 etiem
564 4126 649 4183 verba
666 4127 695 4181 in
714 4140 794 4182 suum
811 4124 911 4182 librum
930 4123 1115 4182 transtulerit.

314 4212 337 4283 ²)
357 4212 468 4269 Summa
486 4221 518 4269 ut
542 4214 630 4270 maior
653 4214 778 4271 eveniret
799 4213 921 4271 numeris
946 4229 1029 4283 supra
1046 4211 1392 4283 1211122112121121221222

222 4306 274 4370 221,
294 4301 367 4370 quod
385 4302 487 4358 mudtoe
505 4303 581 4359 locos
604 4303 667 4373 plue
692 4303 777 4359 semel
795 4303 824 4358 12
847 4302 984 4359 rationem
1009 4301 1185 4360 introducere
1208 4300 1297 4369 debui,
1322 4316 1346 4357 c.
1365 4317 1392 4372 g.

225 4390 241 4460 ξ
260 4393 279 4446 4
297 4390 450 4446 docuerunt
462 4396 594 4464 pastores
610 4391 770 4463 propomam
787 4407 866 4446 suam
878 4395 993 4460 propter
1012 4389 1219 4447 collocationem
1232 4394 1262 4446 et
1274 4387 1393 4446 subiecti

221 4482 251 4534 et
270 4477 378 4536 obiecti.
