3184 5034
733 261 954 325 -37-

259 463 347 508 noem
369 463 491 528 specere
514 440 535 504 l.
560 439 580 505 l.
605 437 686 504 dicit
714 442 875 525 speculum
902 441 986 524 quod
1013 442 1051 507 n'n
1081 463 1115 506 eo
1137 441 1295 525 specimus
1318 441 1430 526 innupt-

261 570 334 616 eem
358 546 523 628 (similiter
546 546 577 616 V
604 549 665 610 129
689 549 851 632 speculum
874 571 895 614 e
917 548 1103 632 spectando),
1135 548 1171 610 et
1202 550 1348 610 extremo
1378 562 1429 610 ca·

260 652 331 734 pite
361 656 475 739 quibus
506 656 679 735 specium·
712 654 890 733 praeterea
921 655 986 717 sat.
1019 650 1060 717 fr.
1093 657 1157 716 384
1185 650 1272 716 idem
1295 652 1431 718 verbum

260 762 399 839 usurpat
431 759 474 825 ad
497 758 730 842 etymologiam
753 757 907 826 vocabuli
932 761 1099 844 occupied
1122 756 1361 839 explicandam.
1386 793 1429 805 -

263 864 369 930 Nemo
392 884 456 931 non
480 864 573 932 videt
596 863 646 930 his
670 863 752 930 locis
776 863 819 930 ad
842 882 940 930 unum
958 863 1105 930 omnibus
1122 864 1307 934 Varronem
1329 861 1430 930 verbo

262 969 429 1051 spaciandi
460 975 637 1052 propterea
667 988 759 1037 usum
791 989 874 1052 esse,
907 975 944 1037 ut
975 969 1205 1037 vocabulorum
1230 967 1430 1050 quorundam

261 1075 427 1143 notionem
444 1077 648 1159 illustraret3
672 1097 737 1143 non
759 1076 864 1162 igitur
885 1076 966 1143 licet
989 1076 1041 1143 his
1064 1079 1195 1143 tantum
1219 1075 1301 1142 locis
1323 1074 1430 1142 nisum

261 1181 322 1248 hoc
345 1183 541 1250 vocabulum
564 1182 598 1249 in
614 1181 895 1251 Varronianorum
911 1182 1084 1250 verborum
1107 1182 1248 1248 indicem
1270 1181 1429 1264 recipere.

350 1289 392 1354 Iu
415 1288 666 1370 compositorum
685 1288 890 1368 verborum¹)
913 1306 974 1354 usu
997 1289 1157 1370 quaedem
1174 1288 1335 1358 Varronis
1357 1306 1430 1372 pre·

259 1393 333 1475 pria
357 1411 430 1460 esse
454 1396 516 1461 hoc
539 1395 610 1462 loco
633 1394 778 1462 inserere
801 1394 880 1460 mihi
903 1391 1015 1461 liceat.
1062 1393 1172 1465 Voces
1196 1394 1283 1476 apud
1306 1391 1430 1460 Varro·

262 1519 335 1566 nem
371 1501 474 1568 solum
511 1505 570 1567 out
605 1501 675 1566 fere
710 1501 813 1568 solum
849 1506 908 1567 aut
942 1499 1081 1582 primum
1115 1498 1262 1566 traditas
1294 1498 1430 1584 collegit

261 1605 403 1672 Stinkel
426 1626 459 1688 p.
485 1613 540 1688 703
566 1605 623 1672 cfr.
647 1605 734 1691 Aug.
758 1606 878 1673 Miller
900 1627 932 1688 p.
957 1611 1009 1670 67.
1045 1605 1111 1692 (De
1135 1605 1294 1674 Cicerone
1316 1604 1429 1674 viden·

262 1711 322 1778 dus
345 1709 541 1779 Thielmann
564 1733 595 1795 p.
622 1715 819 1794 351-361).

351 1817 499 1885 Restant
523 1818 626 1885 etiam
649 1835 735 1884 nunc
758 1836 842 1899 quae
865 1816 944 1884 addi
966 1816 1109 1900 possint;
1134 1835 1176 1882 ex
1191 1817 1352 1886 Varronis
1368 1835 1430 1884 usu

258 1941 330 1989 cum
367 1923 553 2006 aequalium
590 1928 781 2006 comparato
817 1941 881 1990 non
911 1941 1018 2006 pauca
1053 1922 1271 2006 apparebunt.
1326 1923 1430 1993 Velut

258 2033 442 2099 extollere
465 2031 515 2096 ait
538 2032 646 2102 Varro
662 2032 701 2097 II
728 2036 815 2106 10,3:
841 2053 940 2100 onere
956 2031 1101 2099 emtollere
1123 2033 1161 2098 in
1178 2032 1331 2112 tremente,
1357 2049 1429 2096 cum

258 2153 419 2215 nusquam
447 2137 508 2202 hoc
539 2139 674 2204 verbum
701 2136 836 2220 legatur
862 2137 897 2201 iu
925 2135 1094 2204 Ciceronis
1122 2135 1340 2217 orationibus,
1373 2136 1430 2202 ubi

257 2259 386 2323 semper
407 2243 542 2309 verbum
566 2241 715 2325 simplex,
739 2261 767 2308 e.
791 2262 822 2325 g.
847 2241 957 2308 Deiot.
986 2247 1080 2325 10,28
1105 2244 1211 2310 tollere
1234 2245 1272 2310 tn
1296 2266 1427 2328 equum3

256 2345 337 2412 item
361 2345 424 2416 Off.
449 2349 507 2414 HI
537 2354 634 2427 25‚94
662 2353 700 2418 in
728 2372 871 2417 curretur.
897 2389 939 2397 —
968 2349 1146 2437 Empiqno
1175 2350 1208 2418 V
1236 2353 1277 2412 60
1307 2352 1429 2420 melum

257 2463 286 2522 et
309 2463 396 2524 terre
419 2459 529 2525 omnio
552 2465 786 2544 expendendum
812 2453 906 2522 deest
921 2453 956 2521 in
979 2454 1109 2536 lexicis3
1133 2473 1173 2521 ex
1189 2474 1253 2521 uno
1269 2454 1427 2523 Lucretio

256 2559 414 2628 laudatur
436 2562 476 2628 H
501 2567 563 2626 703
588 2565 708 2651 epipam

348 2674 398 2732 10.
422 2667 568 2734 &ecda
591 2669 639 2735 eis
664 2667 839 2736 adiectivis
855 2667 1136 2735 adnumerandum
1159 2684 1245 2749 qnae
1268 2666 1348 2734 item
1372 2671 1425 2734 at-

257 2792 319 2855 que
332 2797 450 2849 coecus,
465 2779 583 2842 euredus
597 2777 660 2840 etc.
675 2777 710 2841 et
723 2775 837 2842 activa
850 2779 885 2841 et
900 2774 1036 2858 passiva
1048 2773 1183 2841 notione
1195 2773 1238 2841 ad
1251 2774 1427 2860 oculorum,

256 2878 383 2946 aurium
407 2883 472 2946 etc.
496 2897 626 2946 sensum
649 2879 766 2946 referri
789 2885 936 2962 possunt.
976 2881 1063 2948 Nam
1087 2899 1207 2948 suaves
1231 2897 1294 2948 non
1321 2882 1425 2949 solum

254 3003 308 3050 res
332 2984 486 3052 dicuntur
508 3002 591 3066 quae
614 2985 790 3068 voluptate
813 3004 872 3051 nos
896 2983 1056 3065 efficiunt,
1082 2986 1141 3052 sed
1157 2987 1266 3056 Varro
1290 2987 1348 3053 III
1372 2993 1424 3070 3‚7

256 3090 357 3156 etiam
380 3091 530 3174 palatum
554 3108 656 3158 suave
680 3091 769 3157 dicit.
817 3091 858 3156 In
881 3090 997 3158 lexicis
1021 3091 1115 3159 deest
1139 3092 1222 3158 haec
1244 3091 1344 3158 notio.

328 3267 350 3335 ¹)
368 3266 461 3322 Verba
489 3281 550 3322 cnm
580 3266 685 3320 duabus
714 3266 963 3335 praepositionibus
992 3267 1144 3336 composite
1168 3267 1238 3322 haee
1262 3283 1280 3322 a
1302 3266 1427 3324 Varrone

257 3354 377 3409 formata
396 3355 626 3425 esseaitDrdger
639 3355 655 3424 ξ
668 3355 716 3410 86;
736 3355 908 3426 expromite,
921 3356 1089 3426 perinunqo,
1106 3356 1271 3427 praeluceo.
1295 3355 1427 3426 Equibus

254 3441 372 3511 primum
390 3441 463 3497 haud
482 3441 562 3498 dubie
580 3458 634 3497 non
654 3443 688 3498 ab
705 3442 765 3512 ipae
782 3443 906 3498 Varrone
926 3443 1074 3498 formatum
1093 3445 1142 3499 sed
1156 3460 1171 3498 e
1183 3443 1289 3498 forensi
1301 3459 1427 3500 sermone

255 3530 423 3586 translatum
442 3545 503 3586 esse
522 3546 537 3586 e
555 3530 611 3584 loci
629 3531 768 3586 sententia
787 3531 826 3600 (II
845 3533 870 3598 2,
889 3531 916 3599 t)
936 3536 1059 3599 apparet.
1098 3531 1139 3585 De
1157 3532 1246 3586 altero
1262 3531 1345 3586 verbo
1364 3531 1427 3588 vide

256 3617 380 3674 Sttinlrel.
403 3635 428 3690 p.
449 3620 483 3672 73
503 3618 549 3686 qni
567 3617 668 3674 addere
690 3618 782 3687 potuit
803 3617 954 3687 independc'
979 3618 1092 3674 verbum
1112 3635 1128 3673 a
1146 3617 1270 3674 Varrone
1293 3620 1427 3688 scripturn

257 3720 318 3761 esse
345 3707 384 3760 Vl
409 3707 442 3761 82
467 3709 537 3761 extr.
574 3704 700 3774 Denique
718 3705 833 3760 tertium
856 3703 970 3759 verbnm
992 3706 1149 3777 praetenue
1169 3707 1240 3773 quod
1263 3710 1295 3761 ut
1319 3705 1354 3761 sd
1373 3712 1427 3762 sat.

255 3793 290 3849 tr.
310 3797 361 3848 576
381 3799 509 3864 spectans
527 3811 545 3849 a
563 3793 688 3864 Drtgero
711 3793 792 3849 afferi
810 3793 929 3860 videtur,
947 3793 986 3848 ibi
1005 3793 1113 3850 omnino
1133 3811 1188 3848 non
1206 3794 1327 3850 traditur
1341 3796 1390 3851 aad
1409 3811 1425 3852 e

255 3882 415 3938 coniectura
431 3899 486 3940 non
504 3882 661 3940 necessaria
679 3899 697 3937 a
715 3881 856 3952 scaligero
875 3881 1008 3951 seriptum
1027 3897 1076 3951 pro
1094 3883 1302 3953 pertimuerunt.

735 4169 946 4178 ——--·-—
